2920 4998
339 407 346 421 ·
399 371 929 449 uererercorrmimxo.
1148 401 1187 472 ¹9

142 493 213 590 um
243 522 558 610 disquisitionem
589 523 777 590 offendere
808 527 1027 592 necessario
1059 523 1183 596 debet
1200 550 1203 558 ·
1279 527 1289 542 '

145 632 252 714 Quae
275 635 403 694 autem
435 627 564 695 dehis
593 645 679 692 eum
709 631 842 714 aliqua
871 633 991 740 statui
1020 639 1184 716 possunt

49 799 56 809 ,
80 789 85 812 ,
142 731 446 819 probabilitate,
467 731 667 816 sequentia
686 737 797 796 sunt.

229 868 384 938 coaluit
413 871 579 936 materia
607 890 675 956 per
715 869 861 941 virium
890 863 1184 956 primitivarum

144 977 392 1057 conflictum,
412 981 616 1048 effecerunt
645 982 806 1068 igitur
799 981 1003 1046 materiem
1036 975 1185 1088 ipsam,

143 1079 262 1167 p'rou't
285 1067 391 1168 ipsae
412 1086 522 1148 su'am
543 1084 686 1148 realem
708 1088 746 1148 et
768 1063 999 1164 objectivam
1021 1072 1187 1148 existen-

144 1177 247 1250 tiam
270 1204 293 1247 a
317 1181 483 1252 materia
515 1191 755 1270 acceperunt
797 1184 880 1250 Non
909 1179 1078 1268 potuit·
1067 1186 1140 1270 1git
1142 1206 1189 1252 ur

143 1289 311 1354 materia
341 1289 501 1356 existere
531 1289 639 1374 prius
672 1309 787 1377 quam
816 1287 950 1366 vires,
980 1309 1049 1355 nee
1080 1291 1187 1358 istae

141 1390 369 1478 praecedere
388 1391 592 1458 materiem
612 1389 843 1476 potuerunt,
869 1389 970 1456 unde
992 1393 1099 1478 origo
1123 1415 1186 1458 ea-

141 1515 231 1562 rum
260 1501 436 1560 nostram
464 1493 706 1560 transcendit
735 1493 943 1558 rationem·
971 1528 1014 1543 -
1044 1496 1186 1562 Existit

88 1673 90 1679 y
143 1596 311 1662 materia
332 1597 374 1662 in
394 1595 520 1682 spatio
531 1636 543 1673 ,
566 1602 603 1672 et
624 1594 805 1660 accidunt
826 1599 987 1679 naturae
1010 1596 1185 1680 phaeno-

143 1714 259 1764 mena
280 1693 322 1762 in
341 1704 538 1782 temperer
558 1693 650 1784 quia
679 1712 769 1762 vero
801 1693 973 1781 epatium
1000 1697 1186 1766 relativus

141 1809 298 1868 tantum
322 1787 379 1867 est
403 1802 529 1878 locus,
554 1819 666 1888 quem
687 1800 853 1866 materia
874 1807 1061 1886 occupat,
1082 1789 1210 1866 cumss'

145 1920 217 1994 que
235 1911 385 1988 tempus
404 1905 759 1989 phaenomenorum
778 1921 855 1968 non
877 1905 955 1968 nisi
979 1895 1205 1972 successio-¹

143 2025 214 2083 ne,
238 2005 439 2070 duratione
461 2012 499 2072 et
519 2005 774 2090 correlatione
799 2005 980 2089 poniturz
1011 2009 1184 2094 epatium

146 2113 185 2175 et
214 2113 365 2192 tempus
396 2125 482 2172 cum
520 2106 704 2171 materia
718 2111 757 2170 et
793 2107 941 2172 viribus
975 2109 1187 2176 coe'xieters

142 2227 295 2298 semper
317 2210 526 2296 debebant,
549 2215 587 2278 et
608 2207 743 2275 durare
764 2214 963 2276 aeternum
982 2211 1105 2290 simul
1121 2213 1186 2280 de

145 2317 304 2382 habunt.

229 2461 336 2527 Licet
356 2463 495 2526 nature
523 2445 703 2526 universa
732 2421 902 2525 inlinitis
926 2466 1075 2528 constet
1104 2481 1186 2532 core

99 2647 102 2663 Ι
144 2547 303 2649 poribus
314 2605 327 2652 ,ι
356 2583 452 2650 quae
472 2563 668 2648 perpetuis
698 2560 866 2628 obnoxia
887 2570 976 2628 sunt
997 2568 1199 2633 mutatio-.

144 2665 283 2742 nibus,
304 2665 390 2750 ipsa
409 2671 540 2730 tamen
569 2660 750 2730 universa
778 2669 918 2730 natura
950 2665 1054 2730 idem
1084 2687 1185 2734 sem·

145 2788 214 2854 per
245 2763 465 2854 permanet:
496 2755 600 2832 nihii
631 2769 736 2836 enim
764 2765 949 2834 materiae
981 2757 1019 2834 et
1041 2769 1187 2838 virium
1303 2843 1307 2865 Ι

145 2871 210 2937 illi
237 2863 414 2936 accedere
443 2877 510 2938 aut
542 2871 722 2940 decedere
750 2877 899 2958 poteet;
934 2867 1034 2960 quod
1064 2890 1186 2939 unum

147 2964 300 3039 amittit
322 2991 455 3056 corpus
468 3015 479 3051 ,
504 2973 593 3038 aliis
617 2973 786 3056 accedit3
806 2972 978 3041 resoluta
1006 2974 1186 3063 substan·

147 3075 207 3141 tia
226 3092 303 3142 una
315 3117 327 3156 ‚
349 3067 429 3142 alia
458 3077 673 3158 enascitur3
695 3079 819 3144 auctis
840 3078 906 3144 hic
935 3073 1185 3144 contractivis

147 3178 297 3244 viribus
309 3217 320 3254 ,
343 3175 575 3270 expansirae
596 3175 694 3243 alibi
716 3177 958 3263 explicantur
977 3177 1113 3284 vireu
1201 3183 1205 3194 ’

230 3315 523 3386 Individuorum
545 3335 748 3404 corporum
780 3323 921 3384 natura
941 3319 1036 3384 solis
1060 3315 1186 3382 deter-

148 3423 320 3490 minatur
349 3423 535 3486 materiae
567 3421 845 3505 qualitatibus,
867 3420 1016 3486 viribus
1039 3419 1185 3500 chemi-
1236 3452 1238 3458 ¹

149 3527 203 3592 eis
227 3531 264 3590 et
284 3523 441 3608 energia
459 3522 675 3608 dynamica.
710 3521 861 3588 Etenim
882 3519 1134 3586 materiales
1124 3542 1185 3605 sn·
1193 3576 1200 3604 ‚s

148 3628 302 3694 dividui
340 3625 547 3715 qualitates
585 3625 851 3714 peculiarem
853 3621 897 3686 ei
927 3605 1106 3688 tribuunt
1136 3621 1186 3686 ad

147 3726 392 3794 mechanicas
403 3769 415 3806 ,
428 3727 617 3794 chemicae
638 3733 676 3792 et
695 3707 939 3813 dynamicas‘
956 3721 1184 3788 efficientias
1261 3749 1266 3760 ·

148 3829 609 3916 relationem3principia
630 3821 1185 3907 chemrca,var1eproportio·
1211 3847 1215 3856 ·

150 3953 197 3997 ne
218 3934 351 4008 unita,
375 3933 534 3998 infinita
563 3932 779 4016 producunt
802 3945 983 4010 corpora,
1008 3925 1184 3992 innume·

149 4037 202 4102 ris
224 4037 348 4104 modis
369 4039 472 4106 inter
496 4059 535 4104 se
555 4023 777 4103 differentia
796 4025 835 4100 et
853 4021 1002 4098 viribus
1023 4029 1209 4106 (liversis,¹

148 4141 356 4236 praedita3
386 4144 659 4238 potentissima
696 4141 854 4210 tandem
894 4139 951 4220 in¹
975 4129 1223 4222 condendis*

151 4243 300 4310 naturis
319 4245 534 4334 individuis
559 4247 765 4330 dynamica
787 4249 847 4312 est
876 4239 1185 4336 energia-utpo-

392 4505 399 4546 l
