2920 4998
318 377 361 446 3q
506 401 509 410 .
742 362 949 468 inpressos.

317 503 605 590 oonjungimus,
638 503 818 592 ipsasque
847 510 979 594 leges,
1013 494 1151 598 quibus
1183 518 1356 591 humana

316 609 521 694 subjicitur
541 611 646 685 vita,
678 625 808 676 eruere
834 614 1058 698 satagimus.
1102 621 1270 692 obtenta
1300 631 1356 695 sic

311 713 502 806 historica
532 711 584 796 (ς.
614 712 667 799 a.)
699 714 804 778 vitae
836 716 1077 800 cognitione,
1106 727 1207 792 ratio
1239 733 1356 797 colle-

314 830 416 888 ctam
447 818 621 883 idearum
658 835 800 900 penum
830 819 878 882 ad
910 813 1129 904 supremum
1168 832 1355 901 scientiae

311 923 523 1010 provehere
545 928 704 988 conatur
723 920 884 1006 gradum
894 946 912 998 ‚·
927 945 1004 1010 quo
1021 927 1217 998 finitimae
1237 945 1353 1002 natu-

85 1111 88 1118 ι
312 1053 378 1100 rae
406 1033 600 1096 humanae
629 1043 785 1106 caueae,
808 1035 996 1114 quantum
1028 1035 1070 1100 id
1090 1035 1266 1120 licuerit,
1289 1045 1354 1112 de·

188 1167 195 1182 ·
310 1142 502 1223 tegantur.

658 1279 989 1314 m·-

412 1379 468 1438 Ph.
483 1380 521 1437 a.
544 1379 777 1437 macutum
794 1381 959 1458 Beytrsege
980 1391 1035 1440 tur
1058 1380 1187 1443 Theoria
1215 1391 1245 1444 d.
1269 1389 1351 1447 iiaii·

343 1452 347 1479 ¹
378 1467 491 1530 tunde.
508 1455 632 1537 (Medic.
656 1467 820 1525 Jahrbiteh.
843 1471 873 1526 d.
888 1473 920 1533 li.
934 1473 966 1534 is.
988 1476 1083 1530 ister.
1107 1473 1233 1532 Steetes.
1257 1477 1350 1536 Wien

380 1557 460 1619 1813.
481 1557 517 1615 B.
534 1557 573 1615 u
591 1557 637 1620 St.
655 1577 678 1622 r.
696 1575 729 1634 p,
745 1561 927 1629 79-118.B.
944 1562 983 1618 11.
1006 1562 1052 1622 St.
1066 1579 1093 1620 a.
1109 1581 1140 1639 p.
1162 1566 1305 1639 99..ιό4.)

768 1735 799 1807 §-
845 1704 895 1806 is
950 1747 953 1752 ·

606 1871 1043 1988 Ars'observandi.

390 2057 580 2130 Scientiae
610 2057 804 2128 naturales
837 2061 885 2131 ab
916 2057 1248 2136 observationibus
1280 2092 1342 2137 ors·

305 2171 389 2233 tum
418 2166 587 2241 hahent,
608 2184 676 2256 nec
714 2164 829 2230 aliter
859 2166 990 2250 augeri
1020 2176 1344 2258 possunt,=qusm

303 2289 371 2356 per
393 2265 670 2351 experientiam
690 2253 833 2332 veram.
875 2255 971 2333 Vera
990 2271 1118 2337 autem
1138 2275 1344 2344 methodus

187 2385 191 2392 '
303 2375 345 2440 in
364 2372 669 2458 pervestigandis
689 2377 850 2437 naturae
871 2371 982 2440 rebus
1005 2381 1043 2440 et
1062 2377 1345 2460 Phaenomenis

303 2499 355 2544 aa·
368 2483 448 2554 est,
469 2495 583 2562 quam
603 2477 766 2562 plurimi
787 2481 948 2542 naturae
976 2487 1231 2559 scrutatores,
1250 2491 1348 2568 post·

186 2648 196 2684 Ι,
302 2587 360 2654 ur.
390 2585 577 2650 Baranam
603 2585 882 2660 venerantium,
913 2604 1062 2651 summo
1103 2605 1187 2651 cum
1218 2589 1341 2652 sciend

301 2687 447 2757 tiarum
490 2686 751 2750 emolumento
787 2687 1056 2770 sequebantur.
1109 2686 1343 2750 Inducti-

300 2811 409 2856 vam
433 2809 518 2854 eam
542 2788 674 2853 dicunt
703 2789 953 2864 methodum,
974 2788 1166 2875 siquidem
1189 2787 1236 2852 ab
1270 2789 1341 2853 ob-

300 2891 585 2960 servationibus
623 2889 876 2973 singillativis
912 2892 1109 2976 incipiat,
1142 2893 1340 2978 captisque

298 2997 525 3062 notionibus
564 2993 865 3078 particularibus
900 2995 950 3060 ad
978 2995 1235 3062 universalem
1271 2995 1340 3060 ad·

300 3101 459 3167 scendet
478 3097 690 3162 notionem.

351 3228 507 3312 ¹¹Debet
527 3246 656 3304 autem
677 3237 986 3306 obseruationem
1006 3235 1232 3324 praecedere
1252 3253 1339 3322 per·

304 3347 451 3438 ceptio,
480 3361 545 3406 seu
576 3341 988 3434 animadversio,
1016 3361 1091 3428 qua
1118 3360 1256 3408 rerum·
1274 3363 1338 3406 ex·

299 3459 413 3518 terna
434 3441 545 3509 nobis
562 3443 778 3509 innotescat
796 3444 913 3508 facies
926 3463 1079 3524 3veram
1100 3443 1190 3508 dein
1211 3461 1339 3507 rerum

301 3552 500 3620 notionem
519 3547 604 3610 tum
631 3547 770 3610 saltem
801 3545 1088 3632 consequimur,
1109 3545 1178 3608 ubi
1206 3565 1337 3612 sensus

238 3687 240 3695 ¹
300 3663 339 3724 et
357 3655 575 3719 intellectus
596 3649 729 3730 debite
747 3649 992 3736 respondent.
1035 3652 1195 3733 Oportet
1215 3650 1338 3748 igitur
1448 3705 1449 3718 ,

300 3774 428 3824 sensus
450 3773 529 3818 esse
554 3772 665 3818 sanos
697 3757 810 3837 atque
838 3773 908 3818 usu
935 3751 1130 3836 frequenti
1159 3751 1348 3832 acuatos3·

300 3869 405 3923 mens
426 3858 480 3922 sit
496 3854 621 3920 libera
644 3855 691 3918 ab
715 3854 822 3920 omni
842 3857 1119 3940 praeconcepta
1139 3854 1337 3936 opinione,
1447 3889 1448 3892 π

299 3977 368 4025 nec
389 3957 602 4024 adfectibus
624 3956 768 4032 animi,
790 3977 858 4020 nec
888 3957 1170 4040 imaginatione
1192 3959 1338 4022 exalta-

202 4133 209 4142 ,
299 4069 363 4142 ta,
384 4073 457 4150 quo
482 4080 627 4124 errores
647 4077 873 4143 praecavere
893 4059 1039 4143 possit,
1061 4060 1231 4142 abrepta.
1262 4061 1337 4126 Re-

301 4167 468 4258 quiritur
496 4163 659 4246 denique
689 4161 918 4226 'informatio
949 4158 1105 4234 debita,
1128 4179 1202 4244 qua
1223 4181 1335 4244 prae-

298 4275 361 4344 vie
382 4263 705 4351 edocemur,quid
725 4265 767 4332 in
783 4287 824 4332 re
841 4263 996 4354 singula
1015 4263 1069 4334 sit
1089 4264 1335 4333 animadver-
