2950 5002
191 421 194 428 ,
281 373 342 438 172
373 397 378 406 ·
490 327 584 429 trs.
604 367 633 430 1.
653 369 712 432 Du
735 383 838 436 vm
860 385 1119 448 strunium.

359 503 401 588 4)
423 507 605 585 Fabrica,
629 514 881 588 consistentia
907 528 944 588 et
972 525 1103 592 forma
1130 535 1332 618 partium,

276 608 414 696 quihus
436 615 526 680 viva
548 626 929 735 constantkcorpora,
953 631 997 694 in
1018 635 1150 701 eodem
1182 641 1347 710 rudivi--

275 711 350 778 duo
389 717 582 784 diversam
623 725 1096 826 exhibentvarietatem
1120 759 1330 820 occurrunt
1386 794 1391 802 .

271 828 414 902 partes
430 825 578 890 solidae
616 831 724 894 vario
758 834 872 904 modo
913 845 1086 910 structae
1114 856 1152 914 et
1181 851 1329 934 fluida,

272 939 370 1006 quae
403 930 605 995 canalibus
639 935 898 1018 peculiaribus
933 946 1207 1032 recipiuntur,
1240 967 1327 1024 mo'-

271 1034 434 1104 ventur,
466 1032 753 1105 distribuuntur
786 1049 825 1108 et
855 1062 1133 1122 excernuntur:
1168 1064 1328 1132 mortua

271 1136 401 1194 autem
432 1140 471 1198 et
505 1139 630 1204 mixta
661 1159 823 1227 corpora
858 1141 1105 1240 homogeneis
1145 1173 1328 1234 constare

267 1217 652 1322 possuntpartibus‚·
671 1245 740 1310 nec
760 1250 902 1318 adsunt
932 1255 974 1322 in
995 1261 1058 1325 his
1087 1264 1239 1332 formae
1261 1271 1323 1337 di-

267 1353 411 1406 versae.
444 1377 485 1392 -
515 1347 681 1430 Corpora
714 1359 847 1421 tamen
886 1357 1188 1448 danturviva,
1220 1389 1323 1462 quae·

266 1438 486 1522 simplicem
509 1450 907 1541 exhibent'fabrioam
918 1503 929 1538 ‚
950 1467 1010 1530 uti
1028 1467 1124 1536 'sunt
1145 1475 1319 1562 Ligulae,

260 1537 463 1626 ⁴Volvoces'
480 1554 518 1613 et
549 1571 690 1636 genera
710 1563 909 1648 ,quaedam
943 1568 1171 1656 Byssorum3
1195 1581 1319 1648 liche-

262 1661 329 1708 nes
355 1647 443 1712 dein
465 1653 567 1716 saxis
592 1655 720 1738 innati
739 1664 807 1728 viri
827 1665 1037 1737 fluidorum
1056 1679 1228 1758 produnt
1248 1709 1318 1752 ve-

264 1748 406 1833 stigiar
438 1753 604 1841 denique
635 1765 778 1831 salium
809 1775 986 1856 crystalli
1022 1779 1154 1864 plures
1189 1793 1315 1856 conti-

260 1863 355 1920 nent
377 1859 645 1942 substantias,
667 1867 807 1940 insunt
826 1877 893 1952 air
912 1883 951 1948 et
972 1901 1100 1972 aqua,
1124 1894 1317 1980 materiae

260 1956 415 2026 basicae
434 1969 472 2028 et
494 1966 615 2036 acida·
1004 1999 1006 2006 “
1314 2000 1318 2014 ’

340 2111 385 2194 5)
413 2113 582 2182 Materia
612 2119 795 2192 vivorum
828 2149 1034 2234 corporum
1068 2141 1111 2208 in
1141 2147 1317 2226 formam

255 2215 493 2304 regularem,
516 2243 631 2308 scopo
654 2251 724 2296 suo
742 2241 1064 2326 respondentem,
1087 2263 1315 2328 constanter

256 2315 363 2389 abit,
388 2317 479 2386 dum
509 2340 806 2415 aggregatorum
832 2348 993 2414 materie
1023 2361 1102 2428 ‚ut
1123 2357 1314 2428 fortuitae

176 2453 216 2510 λ
254 2413 522 2491 determinant
568 2429 917 2527 circumstantiae,
952 2367 1170 2530 inimassas
1204 2483 1312 2532 conr·

251 2513 429 2606 pingitur
460 2534 614 2612 varias,
637 2542 738 2615 nulli
771 2567 886 2636 scopo
919 2556 1243 2636 adcommodatas.
1265 2603 1313 2634 -η

250 2621 404 2696 Eminet
433 2633 603 2724 quidam⁸
621 2640 838 2718 formativa
868 2656 909 2724 in
940 2662 1043 2750 vivis
1067 2665 1307 2756 ¹corporibus

250 2723 308 2810 vis
320 2749 431 2812 ,mon
449 2738 582 2802 tamon
605 2742 838 2822 credendum
859 2767 939 2836 est,
961 2774 1143 2840 naturam
1162 2776 1221 2842 ita
1243 2779 1307 2844 di·

247 2833 562 2928 ctam,mortuam
583 2845 769 2912 materias
788 2853 870 2922 sine
889 2863 1023 2936 ordine
1044 2871 1305 2950 determinato

243 2939 288 2996 ,et
306 2933 517 3025 ¹cinctorio
548 2965 821 3038 coagmentare
854 2985 992 3053 scopo,
1014 2977 1207 3064 siquidem
1237 2991 1304 3072 vel

246 3034 332 3120 ipsa
351 3044 504 3112 telluris
522 3049 653 3122 'strata
670 3066 816 3128 certam
837 3070 875 3132 et
893 3076 1068 3155 polarem
1090 3087 1303 3178 enhibeant

171 3125 174 3132 ’
247 3139 546 3226 dispositionem
578 3154 629 3238 (ς.
664 3165 816 3249 12.),at
846 3170 1229 3261 ipsaemetalldrum
1254 3219 1301 3263 ac

244 3246 389 3328 ratium
410 3255 586 3337 crystalli
609 3261 661 3344 (ς.
678 3270 756 3354 37.)
779 3278 995 3357 peculiares
1017 3287 1191 3364 offerant
1215 3301 1301 3370 for-

245 3350 454 3420 motiones.
511 3413 515 3424 .
625 3407 630 3420 ·

326 3509 370 3612 d)
390 3498 597 3588 Conflictus
617 3527 764 3624 virium
794 3549 1001 3626 perpetuus
1033 3551 1075 3619 in
1101 3560 1206 3629 vivis
1233 3569 1297 3634 vi·

242 3616 306 3694 get
323 3621 569 3701 corporibus,
596 3649 669 3714 quo
691 3634 821 3704 forma
841 3649 879 3708 et
899 3648 1054 3730 mistio,
1069 3667 1295 3755 ceteraeque

241 3709 496 3802 proprietates
532 3747 665 3799 eorum
699 3738 913 3815 incolumes
936 3770 1159 3844 servantur,
1182 3783 1293 3842 sunt-

242 3813 313 3899 q'ue
333 3821 481 3893 formae
500 3841 626 3902 certae
649 3847 687 3907 et
706 3831 839 3916 mistio
862 3853 1125 3936 determinata
1149 3873 1197 3940 iis
1222 3900 1293 3968 neg

239 3923 425 3990 cessariae
447 3931 653 4020 hactenus,
676 3951 865 4022 utcarere
887 3959 968 4027 illie
987 3965 1093 4034 haud
1111 3981 1287 4058 poesints

240 4023 355 4092 aliter
376 4034 468 4098 tero
491 4059 550 4104 res
574 4065 613 4127 se
632 4035 781 4120 habent
802 4057 843 4126 in
866 4076 1082 4152 aggregatis
1115 4087 1288 4168 corpori·

132 4169 144 4211 ·.
237 4123 306 4190 bus
319 4170 330 4206 ,
353 4133 421 4198 ubi
443 4138 587 4210 virium
607 4145 640 4212 is
663 4156 863 4228 conflictus
883 4165 989 4233 haud
1019 4173 1192 4262 obtinet,
1211 4205 1285 4256 nec
1308 4167 1325 4214 ⁸

214 4213 362 4306 ³rertae
396 4240 549 4314 fornae
593 4262 833 4358 necessariae
872 4265 1066 4346 videntur.
1096 4315 1139 4340 ·-
1168 4287 1285 4356 simi·
