2920 4998
303 447 305 454 ,
362 486 365 497 Ι
394 403 580 471 Naronae
607 405 919 472 Conrnurnsrro.
1157 421 1181 494 5

135 549 426 636 ,oppositionem
451 549 503 634 (t.
526 551 580 634 4.)
611 567 772 634 corpora
797 553 988 627 formare,
1016 517 1176 650 nurnero

135 659 174 718 et
203 654 395 718 varietate
428 651 596 717 infinita.
639 655 799 720 Ponitur
831 661 959 719 autem
988 653 1177 720 materiae

130 760 302 824 varietas
328 781 398 844 per
429 758 560 834 vires,
589 778 656 844 per
685 778 777 846 quas
819 759 904 845 ipsa
935 761 1068 826 existit
1097 779 1176 824 non

130 867 246 931 modo
260 906 271 942 ,
295 885 430 933 verum
463 875 502 934 et
525 869 660 933 modus
691 867 919 933 existentiae
944 865 1021 950 ejus
1049 866 1175 932 <ieter

130 973 316 1038 minatur.
338 975 569 1060 Praecipuae
587 975 774 1040 materiae
794 975 1071 1060 proprietates,
1089 975 1174 1060 qui·

128 1075 199 1140 bus
220 1095 423 1160 corporum
441 1080 600 1162 ponitur
631 1067 820 1151 varietas,
840 1081 1040 1164 sequentes
1061 1067 1177 1140 sunt.
1205 1087 1210 1104 '

217 1225 256 1308 1)
277 1223 369 1285 Cum
389 1222 557 1286 materia
578 1220 703 1285 omnis
722 1219 924 1304 particulis
946 1219 1123 1284 constet'
1112 1240 1175 1282 rn-

127 1328 299 1394 numeris
315 1325 366 1412 (l.
379 1329 453 1414 a),
469 1346 564 1412 quae
582 1331 726 1410 puncta
745 1323 922 1390 totidem
934 1323 1177 1390 constituunt

129 1437 240 1495 extra
260 1451 298 1494 se
320 1429 471 1518 posita,
505 1449 667 1515 cumque
695 1427 976 1512 particularum
1007 1427 1175 1490 istarum

128 1532 333 1608 cohaesio,
361 1531 603 1614 experientia
628 1523 672 1595 ut
706 1535 881 1605 constat,
915 1528 1097 1593 adhibita
1132 1527 1175 1592 vi

127 1643 314 1719 externa,
329 1635 478 1700 sufferri
498 1635 645 1718 possit3
666 1634 834 1700 materia
865 1633 990 1700 omnis
1019 1614 1174 1698 mecha·

128 1740 220 1805 nica
241 1737 394 1804 ratione
419 1739 460 1824 *)
482 1737 654 1812 dividi
673 1745 813 1824 potest,

214 1885 257 1968 a)
288 1871 387 1964 Quia
425 1881 513 1946 dein
548 1881 794 1946 inhaerentes
824 1884 1011 1948 materiae
1040 1881 1172 1953 vires,

128 1987 269 2074 quibus
291 1985 508 2069 particulae
526 1987 756 2062 cohaerent,
774 1987 926 2052 variam
946 1989 989 2052 in
1010 1985 1176 2050 diversis

128 2089 355 2174 corporibus
383 2087 583 2173 possident
613 2091 896 2167 intensioneml
923 2109 997 2176 qua
1022 2081 1174 2154 diverso

129 2196 251 2259 etiam
282 2191 403 2278 gradu
428 2192 716 2276 sejungentibus
744 2195 967 2268 renituntur
997 2196 1174 2268 viribus,

127 2299 351 2364 differentia
374 2297 534 2382 ponitur
562 2298 692 2372 varia,
715 2304 878 2383 suntque
910 2319 1073 2382 corpora
1097 2299 1174 2364 isto

126 2407 303 2487 respectu
325 2401 473 2474 dura,
497 2399 772 2474 friabilia,
795 2400 1076 2464 molliaetc.

211 2548 253 2628 3)
273 2541 416 2626 Eadem
434 2541 621 2604 materiae
640 2537 794 2605 diversa
824 2541 1003 2607 cohaesio
1038 2560 1172 2626 corpo·

127 2649 237 2716 ribus
271 2647 413 2713 tribuit
442 2645 643 2709 formas
677 2647 974 2732 generales,
1010 2665 1183 2731 quarum

125 2760 205 2818 tres
224 2751 438 2822 noscimus·
452 2753 542 2814 sunt
565 2749 669 2814 enim
689 2748 878 2814 materiae
900 2748 1173 2834 ponderabiles

125 2847 1172 2928 velsolidae,veliluidae,velfluido-ela-

126 2951 561 3039 eticae.(eiireae).

211 3091 254 3174 4)
279 3089 371 3152 Cum
389 3091 627 3176 particulae,
649 3091 786 3177 quibus
813 3093 980 3158 materia
999 3098 1171 3182 constat,
1194 3128 1198 3138 ι

126 3196 178 3262 ad
201 3195 435 3262 distantiam
458 3199 631 3284 aliquam
650 3201 919 3288 sarepellant,
942 3202 1109 3266 materia
1132 3197 1172 3262 id

126 3299 323 3384 spatium,
351 3299 453 3387 quod
482 3301 642 3386 physice
671 3293 853 3386 occupat,
879 3301 984 3365 haud
1018 3321 1062 3364 ex
1087 3307 1172 3365 toto

45 3454 47 3460 -
125 3407 289 3490 implet,
308 3426 442 3470 verum
467 3406 655 3509 relinquit
675 3409 893 3476 interstitia
918 3409 1050 3494 aliqua
1071 3405 1172 3492 (po-

126 3519 250 3602 ros),
276 3509 439 3575 materie
469 3509 548 3572 alia
574 3513 814 3606 complenda.
858 3513 1036 3598 Sequitur
1057 3512 1171 3584 hinc,
1256 3593 1258 3600 y

125 3595 279 3680 nullum
311 3593 395 3678 tisri
426 3631 560 3696 corpus
589 3606 784 3697 perfecte
782 3615 978 3689 solidum,
1000 3611 1100 3677 unde
1134 3615 1175 3678 et

126 3715 239 3778 varia
265 3709 501 3798 intelligitur
528 3715 784 3792 densitas,
812 3737 835 3780 a
854 3715 1007 3781 diversa
1026 3712 1173 3808 virium

128 3817 424 3882 attractivarum
450 3817 669 3883 intensione
695 3820 915 3904 repetenda.

207 3961 252 4044 5)
270 3956 385 4024 Varia
404 3959 593 4028 materiae
620 3961 792 4026 densitas
817 3957 958 4038 efficit,
979 3965 1023 4024 ut
1046 3958 1171 4026 ‹leter-
1228 3979 1230 3986 ·

127 4065 280 4148 minata
300 4049 406 4138 iliius
435 4066 634 4153 quantitas
652 4066 714 4150 (m
728 4067 864 4154 assa)
897 4065 1089 4134 diversum
1121 4065 1171 4130 ad

128 4188 280 4232 sensum
311 4178 487 4238 nostrum
517 4175 677 4256 occupet
709 4155 902 4256 spatium,
932 4189 1006 4257 quo
1028 4168 1170 4258 eorpo-

127 4289 214 4337 rum
234 4272 348 4342 nobis
370 4271 580 4346 innotescit
610 4273 856 4342 volumen.
