2950 5002
276 323 336 408 {42
511 299 521 309 ’
599 383 607 412 7
694 319 919 390 rssrsssus.

275 479 314 538 et
337 467 491 534 enimse
509 460 645 529 officia
665 483 752 528 cum
772 465 1009 532 mechanicis
1021 468 1194 552 corporis
1209 443 1315 541 com'·

271 572 438 662 parabat
462 569 644 633 motibus.
686 567 922 656 Refutarunt
954 571 1187 636 doctrinamt
1210 577 1314 643 hm

271 679 398 747 Balth.
419 675 709 762 Lund0Tnnt1AEs
745 671 868 754 (med.
897 675 1124 761 Vratislav.)
1162 683 1200 742 et
1231 682 1315 748 Car·

272 783 410 868 Christ.
432 784 591 846 KnausE
612 814 652 828 -
672 778 935 864 Propugnavit
957 783 1211 856 materialem,
1224 789 1312 853 ani.

270 904 356 948 mae
378 888 556 946 naturam
579 883 617 942 et
631 880 777 944 celeber
798 879 866 945 ille
883 881 1313 966 scepticosnav.11usss

273 973 528 1072 (com.Ang1.
549 989 565 1066 †
586 986 678 1070 1776.
680 989 714 1072 7.

350 1148 553 1233 Proposuit
574 1168 608 1210 a.
634 1163 725 1229 1777.
746 1149 819 1215 Jos.
838 1122 1065 1216 Purusrcnr
1083 1151 1211 1235 (acad.
1226 1151 1311 1217 Bri·

269 1256 408 1332 tenu-t
429 1253 547 1352 1894.)
565 1251 762 1336 principia
774 1253 819 1316 do
829 1255 1016 1318 materiae
1034 1249 1176 1320 natura
1188 1298 1199 1332 ,
1212 1273 1311 1342 quae

253 1377 356 1422 oum
377 1354 598 1420 ratiociniis
618 1355 687 1416 Im.
704 1357 819 1420 ΚΑΜ
838 1356 980 1419 miram
997 1357 1192 1422 exhibent·
1210 1357 1310 1425 adfi-

269 1463 455 1527 nitatema
478 1457 644 1524 Materia
660 1447 743 1528 ,non
775 1464 832 1522 est
863 1459 967 1552 iners
986 1500 998 1536 ,
1019 1481 1153 1525 verum
1183 1461 1312 1546 explet

266 1565 436 1650 spatium
459 1561 598 1625 activis
618 1561 696 1625 suis
726 1561 905 1637 viribus,
928 1564 1162 1628 attractione
1189 1563 1310 1628 nimi·

266 1689 353 1736 rum
375 1673 411 1732 et
431 1665 675 1748 repulsione;
697 1665 798 1730 vires
819 1667 984 1731 humani
1014 1667 1183 1751 corporis
1215 1687 1303 1752 per-

266 1773 358 1838 inde
379 1778 566 1857 tanquam
587 1763 744 1834 effectus
766 1769 1029 1836 materialium
1051 1771 1196 1835 virium
1220 1789 1309 1834 con-

215 1889 219 1894 '
266 1873 429 1940 siderari
458 1871 617 1945 debent,
648 1861 841 1954 siquidem
870 1871 1110 1955 experientia
1141 1871 1308 1949 doceat,

268 1981 413 2042 certam
434 1989 666 2056 organorum
687 1973 961 2042 conditionem,
981 1980 1129 2038 certum
1160 1981 1249 2058 post
1268 1987 1336 2040 se·

265 2079 421 2146 trahere
452 2074 669 2160 cogitandi,
690 2072 889 2158 judicandi
921 2081 959 2140 et
989 2076 1196 2161 appetendi
1225 2098 1309 2142 mo·

269 2183 374 2246 dum.
417 2177 524 2244 Dicit
546 2196 661 2261 porro
679 2177 718 2240 P.
750 2177 856 2243 ideas
887 2185 925 2242 et
955 2181 1192 2244 sensationes
1224 2181 1309 2246 sine

266 2284 457 2370 corporeis
477 2281 649 2346 sensibus
672 2281 834 2346 existere
859 2280 1078 2345 nullatenus
1099 2291 1308 2366 portame·

265 2411 339 2477 que
357 2386 532 2470 concipi,
556 2403 623 2450 cur
634 2427 645 2460 ,
657 2385 690 2448 si
714 2386 846 2449 anima
871 2406 949 2450 non
967 2386 1020 2449 sit
1030 2405 1233 2470 corporea,
1246 2389 1307 2454 fa-

130 2522 139 2537 ·
265 2494 426 2559 cultates
441 2490 519 2571 ejus
532 2508 617 2554 cum
637 2486 828 2572 corporeis
839 2488 987 2552 viribus
1000 2489 1251 2558 intendantur
1263 2513 1308 2558 ao

265 2593 503 2662 decrescant,
526 2595 641 2672 atque
660 2589 814 2671 penitus
836 2588 1049 2663 tollantur,
1074 2589 1327 2658 imminente*

264 2691 433 2777 corporis
471 2689 706 2755 resolutione
726 2710 737 2768 ;
782 2689 946 2773 denique
987 2692 1115 2756 evinci
1144 2687 1305 2778 perinde

265 2816 343 2862 non
365 2813 476 2878 posse
489 2834 499 2867 ‚
512 2791 721 2856 materiam
743 2787 791 2854 ad
814 2791 1061 2873 cogitandum
1082 2796 1308 2882 incapacem

262 2918 361 2973 esse,
382 2903 498 2980 prout
515 2901 700 2980 conceptu
731 2895 983 2980 impossihile·
1004 2897 1186 2977 videtur,
1210 2919 1305 2987 quo·

263 3000 378 3066 modo
400 3001 567 3086 cogitare
588 3000 674 3084 ipsa
691 2999 826 3083 possit.
846 3033 887 3046 -
905 2998 1077 3063 Fundate
1098 3002 1161 3067 his
1183 2983 1304 3088 oppd-

263 3106 345 3173 suit
366 3105 403 3170 c.
425 3105 626 3169 sensusne
648 3101 733 3188 (op.
756 3103 821 3167 cit.
841 3103 881 3166 V·
900 3123 936 3186 p.
956 3105 1064 3187 247).

344 3271 559 3337 Plurimum
589 3275 718 3334 autem
747 3265 1097 3350 profuitmedicae
1128 3265 1302 3351 discipli·

260 3399 333 3444 nae
353 3381 391 3441 et
412 3375 590 3440 omnibus
612 3375 857 3440 naturalibus
878 3371 1049 3438 scientiis
1070 3391 1212 3456 magna
1233 3376 1306 3441 illa

261 3479 490 3546 reformatio
512 3477 776 3552 scientiarum,
789 3495 903 3561 quam
926 3476 1159 3540 immortalis
1171 3476 1304 3541 Franc.

259 3585 364 3649 Baco
397 3582 647 3646 Vltnutamws
688 3582 978 3664 (archicancell.
1010 3602 1061 3645 m·
1089 3579 1304 3660 &itanu-t

264 3685 379 3772 1626.)
409 3685 623 3750 suscitavit.
676 3684 862 3750 Restituit
894 3686 926 3748 is
956 3667 1216 3769 experientiae,
1243 3685 1303 3750 di-

257 3784 704 3873 gnitatemrepudiavit
723 3788 995 3851 scholasticam
1016 3787 1242 3850 methodum
1265 3789 1305 3852 et'

259 3893 521 3975 sophistarum
542 3893 676 3964 inanes
698 3873 999 3974 speculationes,
1020 3890 1212 3976 simulque
1234 3889 1303 3954 do·

261 4003 364 4078 cuit,
387 3997 577 4086 quomodo
596 3996 835 4081 praejudicia
854 3997 956 4060 varii
976 3998 1124 4081 generis
1145 3998 1225 4062 sint
1241 3995 1302 4060 vi·

260 4105 400 4182 tanda,
421 4110 459 4168 et
480 4101 766 4170 commendavit
796 4098 966 4166 medicis
986 4100 1204 4164 anatomiae
1225 4099 1297 4164 hu·

984 4351 1008 4390 Ι

1418 4255 1464 4336 A
