2920 4998
148 412 157 424 ’
254 395 305 496 'aa
519 451 524 466 .
678 397 902 468 Iucnrssus.

344 553 552 650 Physicum
571 547 876 618 Aristotelis
905 529 1076 632 systema
1096 565 1121 610 a
1143 539 1305 616 'theoria

262 665 495 743 Platonis
517 657 701 722 abhorret
721 649 954 736 plurimnms
977 649 1175 734 Distingui
1195 649 1312 719 debet

264 771 432 846 materia
444 792 466 832 a
477 768 604 829 forma
615 780 626 840 3
637 758 709 821 illa
725 754 884 838 passiva
895 761 951 820 est
962 793 973 830 ,
986 757 1024 818 et
1045 753 1209 840 requirit
1228 757 1311 821 for..

262 883 382 950 malas
404 891 536 941 causas
553 871 621 943 ‚ut
651 861 810 931 existere
831 861 953 943 possit
974 869 1012 926 et
1033 873 1114 926 rem
1136 862 1311 950 aliquam

264 983 508 1056 constituere.
551 970 613 1037 vis
635 961 692 1033 e'st
711 963 944 1052 principium
963 973 1091 1050 mptus
1122 973 1190 1032 aut
1221 989 1309 1032 mu..

264 1085 450 1183 tationis,
474 1084 511 1142 et
530 1071 736 1140 constituit
756 1085 835 1134 una
855 1085 986 1135 rerum
1007 1075 1201 1134 naturam.
1223 1071 1310 1134 Ele-1

263 1195 485 1263 mentorum
505 1178 699 1248 theoriam
721 1215 731 1250 ‚
754 1175 1057 1251 omissaptamen
1088 1164 1315 1258 figurarum,

263 1290 549 1364 Platonicarum
583 1280 718 1344 fabula
739 1319 750 1353 ,
770 1277 1012 1363 sequebatur.
1057 1276 1309 1357 Componitur

265 1415 400 1478 corpus
420 1384 596 1472 partibus
618 1379 877 1453 similaribus,
902 1391 997 1464 quae
1017 1378 1121 1442 solue
1150 1383 1315 1444 tantum

264 1491 585 1586 mutabilessunt
607 1489 644 1547 et
664 1479 902 1545 sensationes
925 1472 1131 1562 producere
1151 1481 1310 1560 valent3

262 1601 459 1692 pertinent
479 1595 553 1658 huc
570 1583 1156 1660 membranae,tendines‚vasa
1177 1588 1246 1648 etc.
1268 1589 1310 1647 et

263 1696 389 1794 ipsum
415 1700 532 1793 ctiam
554 1712 637 1766 cor,
662 1686 762 1775 quod
793 1685 896 1752 sedes
937 1691 995 1750 est
1030 1685 1309 1750 sensationums
1376 1706 1387 1734 -,

261 1821 401 1885 Sensus
426 1806 634 1888 operantur
653 1816 720 1880 per
742 1799 846 1859 certa
864 1785 1013 1856 mediae
1035 1789 1141 1856 visus
1171 1779 1307 1854 adfici-⁴

263 1927 329 1986 tur
351 1907 560 1990 alumine,
584 1899 684 1988 quod
705 1917 838 1981 corpus
859 1916 936 1960 non
965 1893 1040 1969 est,
1062 1913 1197 1959 verum
1223 1889 1308 1977 pel-

263 2019 407 2090 lucidis
440 2005 662 2094 corporibus
691 2007 841 2108 motum
871 1995 1131 2062 communicat
1153 2037 1163 2072 ‚
1187 2011 1308 2083 eaque

263 2123 441 2200 visibilia
459 2122 497 2181 et
525 2113 695 2176 colorata
714 2106 985 2194 reddit3scnus
1014 2104 1071 2166 est
1097 2099 1195 2166 airis
1224 2121 1311 2165 moe
1348 2175 1351 2180 ,

240 2223 243 2226 ¹
262 2243 346 2307 tus,
371 2225 437 2313 qui
458 2235 658 2300 corporum
679 2207 902 2298 glbbrorum
921 2205 1164 2272 concussione
1184 2205 1308 2271 nasci·

263 2346 328 2432 tur
340 2357 350 2414 ς
363 2347 477 2414 sapor
497 2324 622 2389 oritur
643 2319 823 2382 contactu
842 2291 1083 2385 immediato,
1096 2316 1225 2396 estque
1238 2310 1308 2374 oh..

260 2442 403 2534 jectum
429 2431 507 2516 ejus
528 2421 694 2501 humor3
716 2413 1003 2484 odormixtum
1032 2410 1152 2476 habet
1184 2409 1308 2476 medi·

259 2567 327 2615 um
349 2564 394 2608 ex
413 2553 513 2622 aqua
536 2537 581 2594 et
595 2531 705 2602 ae'rc3
729 2515 959 2585 sensationis
982 2511 1152 2578 medium
1173 2516 1229 2580 est
1242 2525 1306 2579 oa,

256 2671 323 2730 ro,
339 2657 377 2716 et
398 2636 569 2729 possidet
582 2629 706 2718 ,homo
728 2619 984 2689 sensationcm
995 2617 1307 2696 subtilissimam,

252 2757 418 2828 undeet
441 2731 732 2828 sagacissimum
761 2734 825 2820 est
853 2723 1011 2790 animal,
1057 2723 1216 2788 Somnus
1247 2729 1306 2788 est

258 2863 419 2933 effectus
440 2845 683 2925 interruptae
702 2831 876 2918 energiae
897 2827 1033 2916 organi
1056 2827 1240 2906 sensorii3
1263 2847 1305 2890 o·

260 2973 362 3038 ritui·
386 2964 515 3024 autem
536 2943 712 3032 energiae
747 2931 965 3024 suppressio
997 2947 1065 3020 per
1095 2933 1304 2999 alimento-
1363 2953 1369 2956 ·

258 3093 347 3144 rum
368 3079 549 3147 vapores,
572 3050 638 3139 qui
659 3049 700 3112 in
720 3047 905 3132 frigidum
937 3038 1172 3108 adscendunt
1204 3057 1305 3105 cere·-

256 3184 400 3248 brum,
434 3186 476 3229 ac
507 3152 729 3224 condensati
760 3147 905 3215 ibidem
933 3146 976 3210 in
1013 3157 1077 3210 cor
1109 3143 1303 3214 decidunt.

257 3282 399 3354 Anima
409 3275 590 3336 naturam
609 3263 685 3327 hab
691 3265 728 3325 et
737 3251 1035 3321 immaterialem
1047 3291 1057 3326 ,
1070 3255 1108 3314 et
1124 3255 1308 3334 operatur

259 3406 328 3476 per
348 3377 496 3450 media,
510 3389 616 3453 ¹quae
637 3363 741 3450 igni,
765 3359 846 3424 adri
870 3361 936 3419 aut
956 3353 1104 3418 aetheri
1131 3357 1220 3418 sunt
1252 3353 1305 3418 sia

258 3486 383 3556 milia.
426 3479 533 3544 Solus
572 3465 729 3552 sanguis
769 3479 904 3544 corpus
923 3459 1109 3544 ”animale
1147 3455 1305 3532 nutrit,

174 3637 178 3646 ·
259 3590 361 3660 unde
382 3605 452 3668 per
468 3585 597 3644 totum
609 3566 841 3636 diffunditur
861 3582 1007 3645 corpus.
1053 3562 1187 3625 Samen
1208 3557 1305 3623 viri-

259 3701 296 3772 le
327 3683 624 3758 subtilissimum
668 3678 725 3750 est
752 3690 795 3734 ac
825 3660 1108 3737 nobilissimum
1139 3662 1306 3728 fluidum

259 3795 429 3884 corporis
449 3788 595 3862 totius,
618 3786 657 3846 et
677 3777 850 3844 continet
878 3780 1007 3857 partes
1043 3769 1268 3853 spirituoeas
1291 3809 1305 3845 ,

260 3905 459 3971 aethereas
476 3914 518 3957 ac
536 3888 738 3955 stellarum
762 3882 1015 3952 elementum,
1038 3873 1139 3940 unde
1161 3879 1199 3937 et
1219 3873 1304 3955 pri-

259 3997 550 4085 mamlargitur
571 3987 787 4072 energiam,
809 4003 886 4074 que
903 3980 1063 4065 embryo
1093 3979 1302 4042 formatur·

256 4107 416 4200 Sanguis
447 4104 663 4166 menstruus
691 4110 819 4157 semen
851 4084 1052 4152 constituit
1081 4081 1271 4148 muliebre
1290 4107 1327 4158 ,··

260 4213 362 4305 quod
382 4228 451 4294 per
480 4201 701 4266 aetheream
730 4190 934 4276 spermatis
963 4185 1090 4251 virilis
1106 4191 1315 4250 ¹naturam.

258 4319 495 4411 coagulatur,
507 4303 741 4384 vivificetur,
752 4307 794 4369 ac
810 4298 862 4366 in
883 4295 1135 4382 embrycnem
1151 4293 1299 4362 sorma-
