2950 5002
924 195 947 232 ,r

272 397 317 470 9¹
697 373 922 448 trsssssus.

277 517 390 584 cialis
421 513 760 596 distributionem)
782 525 823 586 et
847 519 1050 608 indagavit
1079 525 1328 610 gaugliorum¹

274 626 479 694 fabricam.
524 626 769 709 inclamitat
788 627 888 692 alter
917 629 985 692 Ha
998 627 1038 692 ll
1051 647 1070 692 e
1084 629 1128 694 ri
1154 628 1324 717 discipu·

276 729 337 802 lus
359 732 412 796 Jo.
443 735 518 798 Jac.
548 735 687 798 Hem
708 728 832 818 (prof.
865 731 1042 828 Gutting·
1063 739 1101 799 et
1128 736 1326 817 casseu-f
1366 749 1372 764 ·

134 917 138 926 ¹
281 835 397 921 1778.)
406 875 417 910 ‚
441 835 507 922 qui
536 857 570 900 a.
601 848 694 916 1741.
724 835 965 920 praeclaram
995 836 1216 922 'divulgavit
1242 859 1324 906 me·

162 971 164 978 ·
234 1029 237 1039 y
278 933 408 1002 dulles
427 939 592 1034 spinalis
613 940 928 1025 descriptionem.

361 1099 405 1192 6)
424 1097 633 1168 Anatomia
652 1101 754 1171 oculi
774 1107 813 1169 et
831 1101 988 1170 theoria
1015 1103 1119 1170 visus
1148 1106 1321 1174 maxima

148 1215 167 1228 ”
276 1201 350 1270 hoc
370 1210 541 1290 tempore
562 1213 789 1292 acceperunt
805 1209 1067 1282 incrementa=
1085 1212 1327 1290 iulium,

279 1313 349 1375 cel.
372 1312 440 1376 ille
460 1312 757 1381 mathematicus
778 1311 900 1398 (prof.
929 1316 1061 1389 Graec.
1081 1317 1171 1382 dein
1197 1315 1322 1380 math·

278 1414 375 1494 Imp.
397 1415 608 1478 Runotrru
626 1409 722 1502 IL),
744 1417 888 1486 lentem
917 1419 1186 1506 crystallinam
1216 1435 1326 1482 cura·

277 1516 429 1585 tissime
449 1517 651 1606 indagavit
672 1524 710 1582 et
729 1520 1084 1608 ostendit,partem
1100 1523 1201 1588 hans
1220 1517 1328 1586 oculi

222 1629 225 1636 ’
278 1621 501 1706 frangendis
546 1620 736 1688 duntaxat
773 1624 934 1692 luminis
963 1626 1085 1692 radiis
1118 1626 1328 1704 inservire,

168 1725 172 1736 '
260 1716 477 1812 ¹solamque
499 1727 666 1812 retinam
698 1726 935 1810 excipiendis
959 1730 1198 1815 objectorum
1227 1730 1328 1794 ima·

175 1837 178 1850 ⁵
276 1831 433 1916 ginibus
463 1829 698 1894 destinatam
730 1850 831 1909 esse;
852 1851 1048 1916 processus
1083 1833 1259 1910 ciliares,
1280 1839 1328 1900 ut

277 1937 352 2004 ists
373 1935 502 2010 docet,
525 1935 671 2005 lentem
690 1935 839 2002 retinae
863 1935 1159 2022 adproximant,
1182 1938 1246 2004 vel
1266 1957 1327 2002 re-

277 2043 437 2102 movent
465 2041 512 2102 ab
536 2059 600 2116 ea3
623 2037 775 2118 objecta
794 2038 947 2106 inverse
969 2037 1126 2124 quidem
1154 2039 1325 2124 pingun-

278 2145 343 2205 tur
367 2142 408 2210 in
431 2141 580 2217 retina,
603 2146 709 2206 recto
739 2145 874 2210 tamen
904 2141 1036 2226 positu
1060 2163 1105 2206 ea
1123 2141 1329 2220 videmus,

279 2243 472 2328 siquidem
507 2244 639 2324 anima
666 2243 708 2307 id
738 2241 818 2326 pro'
840 2264 1020 2328 supremo
1058 2245 1198 2320 habet,
1223 2243 1330 2329 quod

274 2353 384 2411 *certo
405 2347 571 2433 quodam
590 2346 727 2413 ordine
747 2366 833 2412 cum
863 2347 954 2415 aliis
973 2346 1116 2430 objecti
1148 2347 1330 2431 partibus

277 2449 322 2516 in
362 2452 492 2518 retina
519 2437 845 2534 repraesentatur.
872 2485 914 2504 -
941 2451 1105 2518 Maximi
1139 2447 1331 2516 momenti

279 2547 572 2627 observationes
592 2552 772 2617 instituit
803 2552 903 2617 cirea
925 2554 1076 2634 a.1.619·
1107 2549 1328 2634 Christoph.

279 2657 477 2722 Scsrsues
506 2651 550 2735 (e
582 2653 715 2718 societ.
735 2652 806 2716 Jes.
828 2651 870 2717 in
902 2653 992 2716 aula
1012 2651 1222 2740 vindob.)=
1245 2654 1329 2719 lens

45 2749 49 2764 '
155 2801 157 2808 .
279 2753 511 2842 crystallina
540 2771 626 2816 eum
660 2769 819 2833 corpore
847 2750 972 2816 vitreo
1005 2751 1136 2817 radios
1166 2754 1328 2820 luminis

276 2857 484 2944 frangunt,
509 2860 638 2938 estque
669 2851 810 2918 fractio
830 2853 943 2920 varia
971 2851 1014 2919 in
1045 2849 1206 2920 diversis
1227 2853 1332 2922 oculi

279 2957 455 3046 partibus
485 2976 555 3040 pro
586 2955 698 3020 varia
730 2952 938 3021 earundem
971 2951 1189 3034 densitate,
1212 2975 1330 3044 quam

281 3060 429 3126 calculo
451 3055 638 3142 expressit
662 3063 798 3124 acutus
825 3058 909 3138 vir3
929 3057 1165 3143 franguntur
1196 3065 1330 3126 autem

280 3165 383 3232 radii
405 3165 527 3230 sexies
549 3162 592 3226 in
614 3163 746 3237 oculo,
769 3160 889 3230 dones
913 3161 1083 3228 retinam
1106 3162 1331 3248 attingunt;

280 3267 402 3348 facies
435 3266 553 3332 lentis
583 3265 833 3350 crystallinae
864 3265 961 3330 duae
988 3272 1189 3350 segmenta
1219 3249 1330 3332 exiri-

280 3371 376 3436 bent
399 3369 603 3454 globorum
632 3365 801 3433 diverses
833 3367 1139 3454 magnitudinis,
1163 3373 1202 3434 et
1222 3389 1330 3435 aces-

155 3461 158 3470 ’
282 3474 344 3540 dit
371 3474 453 3538 lens
480 3471 529 3536 ed
563 3472 753 3547 retinam,
775 3470 840 3536 vel
868 3476 1090 3538 removetur
1119 3471 1167 3536 ab
1192 3491 1237 3536 ea
1257 3492 1329 3557 pru

281 3577 433 3644 ratione
454 3575 665 3640 distantiae
680 3573 919 3658 objectorum
930 3573 1192 3654 visorum31ta
1209 3575 1333 3640 etiam

281 3703 323 3747 se
356 3681 478 3745 hahet
507 3677 680 3762 pupillae
711 3676 930 3762 ampliatis
955 3676 1018 3742 vel
1047 3676 1331 3760 coangustatio.

263 3783 462 3854 'Ostendit
482 3781 574 3846 dein
603 3781 794 3864 periculo,
819 3779 920 3868 quod
949 3779 1095 3846 Romae
1130 3783 1223 3862 1625·
1249 3798 1324 3864 pu·

281 3887 386 3953 blice
409 3881 606 3959 instituit,
630 3901 718 3947 uum
738 3883 884 3948 anticas
907 3882 1009 3974 oculi
1030 3882 1169 3948 bovini
1182 3881 1330 3950 exscin-

284 3989 393 4054 deret
413 3987 589 4059 tunicas,
612 3985 761 4068 objecta
782 3987 824 4052 in
850 3985 980 4053 retina
1006 3984 1175 4071 depingi.
1196 4021 1238 4036 -
1254 3987 1329 4050 Re-

285 4100 367 4160 nat.
405 4093 622 4184 Csxrssws
666 4090 820 4156 oculum
863 4113 949 4158 cum
982 4111 1135 4159 camera
1168 4091 1331 4157 obscura

283 4193 545 4282 comparavit3
566 4193 664 4258 lenti
683 4195 918 4260 musculares
938 4194 1080 4261 tribuit
1099 4191 1220 4270 vir'es,
1242 4191 1328 4280 qui·

284 4328 356 4396 hus
382 4295 630 4374 contrahitur.
663 4303 704 4366 st
729 4299 949 4382 relaxatum
981 4297 1194 4368 conahatur
1222 4297 1326 4370 idem
