2936 4998
299 377 382 452 258,
406 367 493 432 Lm.
510 363 540 428 1.
560 349 795 429 cn.n.n'1
808 374 939 426 vnn
957 377 1285 430 communius.

382 511 474 577 Inde
504 523 594 596 ergo
625 510 826 592 esu-mod
855 517 945 590 post
965 529 1147 574 somnum
1168 513 1347 597 quietum

299 639 432 683 sensus
451 615 600 678 externi
625 620 742 696 atque
761 613 908 675 interni
925 619 966 674 et
986 617 1220 681 musculares
1238 620 1345 681 vires

297 729 492 788 recreatae
517 719 757 791 sentiantur}
776 715 880 798 quod
899 723 988 797 post
1018 719 1198 782 tenebras
1218 721 1347 784 lucem

210 847 218 856 ·
298 847 412 908 aegre
442 827 615 887 feramus
643 820 919 894 intensiorem
941 820 1043 903 quod
1074 829 1162 902 post
1190 831 1346 904 prom.

295 939 400 994 ctam
428 929 600 992 inediam
619 932 823 988 consuetus
850 925 957 986 cibus
974 932 1017 988 et
1033 934 1148 1008 potus
1174 929 1346 992 nimium

297 1037 492 1110 concitet;
512 1032 615 1118 quod
633 1038 865 1094 nocturnum
886 1029 974 1111 gelu
994 1030 1141 1110 plantis
1161 1047 1240 1093 uon
1268 1051 1342 1096 no-

295 1146 404 1212 teat,
426 1137 541 1200 modo
569 1136 663 1198 solis
683 1128 788 1196 radii
816 1153 881 1194 eus
907 1153 987 1193 nou
1009 1141 1197 1214 tangant,
1222 1133 1344 1196 donec

295 1243 439 1325 glacies
466 1243 595 1303 soluta
620 1238 741 1300 fuerit
770 1235 1106 1311 (Treviranus
1125 1237 1151 1297 l.
1170 1256 1202 1297 c.
1223 1239 1342 1321 Hip.

293 1347 417 1428 ,φῂς
446 1339 547 1428 quod
575 1341 752 1403 membra
782 1333 1014 1420 congelata,'
1042 1345 1086 1399 ut
1116 1339 1339 1420 perniciosa

287 1453 575 1531 praecaveatur
607 1443 894 1516 inflammatio,
915 1441 1086 1504 calefieri
1116 1443 1341 1506 cautissime

295 1546 605 1633 debeanlz'quod
634 1565 818 1609 ranarum
849 1567 984 1618 crura,
1006 1545 1238 1608 incitatione
1267 1546 1338 1607 ad·

171 1653 177 1664 '
293 1653 404 1716 sidua
439 1649 986 1721 exhausta,‘irritahilitatem
1016 1655 1243 1732 recuperent
1270 1669 1342 1732 per

292 1758 417 1819 solam
445 1755 638 1835 quietem:
656 1749 751 1812 iude
783 1751 905 1812 etiam
936 1753 1196 1837 intelligitur,
1218 1774 1340 1839 quare

293 1859 503 1932 animalia,
525 1878 547 1918 e
565 1863 701 1919 somno
719 1855 894 1939 hyemali
915 1863 1143 1923 resuscitata
1171 1858 1337 1942 (Hum-

292 1959 440 2024 boldt
463 1961 489 2020 l.
510 1979 541 2020 c.
560 1962 590 2021 1.
607 1979 646 2040 p.
675 1960 774 2041 2890
787 2003 800 2032 ‚
821 1961 1034 2025 maximam
1059 1962 1233 2026 habeant
1261 1964 1337 2027 sti-

292 2060 490 2122 mulorum
512 2059 842 2142 reeeptivitatem.

364 2241 418 2301 Π.
447 2239 656 2295 Ᾰιῑίνίω
678 2207 828 2293 vitalis
852 2259 920 2314 per
945 2241 1234 2298 incitatiore-
1260 2245 1334 2298 ire·

411 2338 599 2402 queate·
624 2339 812 2400 angetur,
841 2340 881 2384 et
904 2330 1105 2386 uiuitur
1129 2350 1234 2388 nra
1260 2332 1334 2387 diu

419 2415 687 2491 interposita.

357 2587 667 2655 'Determinatur
682 2587 889 2651 reactiouis
908 2589 1044 2654 vitalis
1070 2590 1247 2672 potentia
1262 2611 1334 2676 per

287 2713 481 2759 mmmm
507 2693 653 2754 virium
685 2694 953 2775 organicorum
974 2695 992 2775 (
1004 2703 1034 2770 §-
1055 2713 1166 2772 71.n.
1187 2717 1220 2762 o.
1240 2699 1332 2784 a.),

289 2817 389 2881 quae
414 2796 523 2856 vitae
554 2794 676 2876 ipsius
705 2802 766 2856 est
787 2795 1019 2877 productum
1050 2795 1103 2878 (ς.
1122 2803 1219 2884 65.);
1241 2801 1332 2885 quia

287 2922 384 2964 vero
402 2899 509 2961 vitae
537 2897 705 2960 intensio
725 2913 795 2980 per
821 2901 1165 2966 indumentorum
1195 2914 1333 2985 poten·

289 3004 391 3068 tiam
427 3004 638 3085 positivam
668 3009 707 3066 et
733 3004 944 3066 relativam
981 3006 1164 3085 ponitur,
1195 3013 1331 3088 suapte

288 3111 497 3192 sequitur,
526 3110 774 3172 activitatem
814 3110 977 3170 vitalem
1015 3110 1217 3192 aequalem
1252 3130 1330 3172 esse

285 3213 425 3276 debere
444 3231 531 3276 cum
553 3211 800 3276 incitatione.
829 3215 882 3275 Eo
903 3204 1009 3298 euim
1023 3219 1227 3294 praestant
1247 3233 1330 3276 cor-

284 3335 381 3399 pora
397 3316 704 3398 phaenerobiota
715 3315 916 3378 machinas
935 3321 1018 3378 arte
1034 3321 1216 3396 paratas,
1228 3315 1330 3398 quod

284 3437 365 3484 non
395 3418 510 3482 modo
549 3420 731 3482 attritum
763 3427 801 3481 et
831 3437 987 3481 omnem
1025 3417 1327 3483 destructionem

285 3541 518 3606 organorum
550 3539 779 3603 praecavere
816 3521 963 3592 sciant,
985 3541 1118 3582 verum
1142 3541 1215 3584 usu
1248 3523 1326 3586 fre·

284 3633 425 3712 quante
441 3626 573 3707 potius
594 3623 858 3706 perficiantur.
900 3624 1232 3703 Quemadmodum
1254 3627 1330 3688 im·

283 3728 555 3813 ponderabilia
576 3727 690 3789 tertis
712 3725 782 3787 sub
804 3727 1107 3790 circumstantiis
1131 3728 1172 3790 iu
1193 3727 1331 3792 infini-

283 3838 369 3896 tum
389 3833 622 3893 evolvuntur
641 3829 693 3909 (ς.
713 3831 782 3910 9.),
804 3827 863 3890 ita
879 3830 1083 3907 organicae
1103 3832 1229 3906 vires,
1241 3851 1329 3894 cum

284 3953 486 3998 causarum
515 3943 556 3997 et
585 3929 793 4026 effectuum
823 3933 1028 3995 innumera
1054 3936 1108 3998 sit
1134 3937 1252 3998 series
1273 3933 1329 4013 (ς.

283 4041 373 4126 67.),
394 4045 530 4101 mutuo
559 4057 640 4101 sese
668 4043 831 4120 augent,
852 4045 892 4100 et
922 4038 1132 4103 increscere
1161 4047 1332 4124 possunt

284 4147 333 4208 ad
354 4143 537 4228 ·gradum
577 4142 935 4206 indeterminatum.
976 4146 1171 4226 Quantam
1200 4147 1327 4210 cerui·

285 4267 369 4309 mus
400 4247 544 4310 mentis
574 4239 948 4320 differentiam,ubi
979 4249 1092 4314 rudes
1121 4271 1207 4316 cum
1235 4250 1327 4316 edo·
