2950 5002
330 395 421 458 car.
442 391 469 458 1.
489 389 742 456 Inronnmo
775 402 1012 458 ornnnscrs.
1121 413 1180 480 179

138 536 246 600 ultre
276 551 367 618 quas
400 529 608 615 propagari
637 527 847 594 difficulter
870 536 1050 615 potsunt3
1072 556 1179 604 ener-

138 639 226 722 giae
257 625 392 700 vitalis
423 633 574 715 periodi
606 652 673 716 per
703 633 796 718 anni
828 638 1008 718 tempus,
1037 659 1181 726 perque
1220 631 1222 640 '

139 740 220 808 diei
241 744 278 803 et
295 738 424 802 noctis
442 734 632 800 inflexum
651 733 693 796 in
714 753 831 819 regno
851 737 977 801 isthoc
998 740 1180 810 determi.

137 847 294 906 nentur.
338 834 511 924 Denique
530 839 761 922 propagatio
781 839 920 921 speciei
940 841 988 906 ad
1001 853 1101 912 certa
1122 872 1181 914 re·

134 947 343 1034 stringitur
373 946 569 1009 momenta
606 948 644 1006 et
672 939 836 1025 perdunt
864 946 1020 1028 plantae
1053 958 1182 1034 partes

134 1048 327 1134 genitales
348 1045 536 1112 masculas
557 1063 580 1107 a
597 1041 912 1114 fructificationis
934 1051 1105 1133 periodo.

489 1219 814 1240 Μ

247 1282 491 1392 rnnvninns
515 1333 539 1394 1.
560 1351 590 1400 e.
608 1332 633 1392 1.
655 1349 687 1409 p.
705 1331 769 1402 ns.
784 1291 1037 1412 ...nunonem
1056 1335 1178 1410 Physic-

208 1427 301 1504 logie.
321 1427 350 1497 d.
367 1426 411 1482 52.
426 1442 459 1498 p.
475 1423 521 1485 85.
652 1439 678 1500 '¹
1269 1432 1273 1440 '

608 1641 638 1716 i·
680 1647 733 1718 42·

483 1795 793 1890 ¹Animalia.
862 1857 864 1861 v

221 1981 392 2048 Evolutis
413 1979 455 2048 in
470 1999 590 2067 regno
617 1985 783 2050 animali
805 1985 853 2050 iis
886 1983 1060 2070 organis,
1082 2001 1181 2074 quae

138 2084 408 2149 irritabilitati
444 2087 482 2148 et
521 2085 774 2152 sensibilitati
812 2092 1024 2172 praesunt,
1049 2109 1180 2174 repro-

15 2187 22 2198 '
139 2185 314 2251 ductivus
334 2185 581 2271 restringitur
600 2206 815 2270 processum
829 2209 914 2253 cum
933 2190 1051 2276 igitur
1069 2193 1182 2274 plan·

137 2298 203 2357 tue
222 2277 378 2375 torpore
401 2294 485 2354 toto
505 2288 817 2378 reproductivum
848 2292 1033 2356 exhibent
1060 2313 1181 2376 appa-

131 2390 287 2469 ratum,
308 2393 497 2470 animalia
525 2395 735 2477 peculiari,
758 2414 780 2457 a
811 2394 972 2478 reliquis
1002 2398 1182 2481 partibus

142 2506 354 2583 separato,
382 2499 625 2565 instruuntur
665 2505 853 2586 apparatu
885 2502 1182 2583 reproductivo,

136 2602 310 2666 canalem
330 2593 622 2666 alimentarium
640 2603 909 2667 constituente.
930 2605 981 2668 Ex
1000 2623 1043 2666 eo
1057 2603 1180 2669 etiam

137 2712 215 2783 est,
239 2705 339 2790 quod
359 2707 597 2792 vegetabilia
609 2748 620 2784 ,
635 2709 902 2792 praesentibus
930 2707 1178 2772 adminiculis

138 2810 327 2887 externis,
358 2831 600 2887 excrescere,
627 2818 670 2876 ut
699 2813 746 2876 in
769 2813 950 2877 arborum
979 2795 1179 2894 speciebus

134 2914 310 2982 videmus
324 2955 335 2990 ,
347 2915 402 3006 ,in
424 2915 656 2980 immensum
680 2916 862 2992 valeant,
877 2915 967 2980 dum
989 2915 1179 2980 animalia

135 3021 278 3086 molem
289 3060 301 3094 ,
320 3020 495 3102 singulae
514 3020 656 3103 speciei
674 3019 874 3102 propriam
887 3059 898 3094 ,
911 3018 1089 3084 excedere
1110 3020 1180 3086 vix

67 3131 70 3136 '
134 3130 305 3212 possunt.
335 3113 557 3186 'Continent
589 3123 780 3188 animalia
802 3126 954 3205 praeter
977 3103 1177 3208 vegetabi-

66 3275 68 3280 .
136 3234 235 3299 llum
257 3227 454 3316 principia
486 3227 539 3312 (i.
567 3221 649 3311 n.)
682 3227 877 3312 copiosum
903 3230 1114 3306 azoticum,
1138 3237 1179 3296 et
1247 3267 1254 3280 =

136 3334 361 3401 dominatur
383 3327 597 3416 generatim
618 3329 660 3414 in
691 3317 763 3394 hoc
788 3351 906 3418 regno
939 3333 1178 3419 principium

10 3497 11 3500 ,
124 3434 434 3524 ¹phlogisticum‚
454 3431 545 3496 dum
567 3433 609 3498 in
630 3434 911 3520 vegetabilibus
942 3423 1178 3526 oxygonium
1288 3511 1294 3524 ,
1340 3503 1346 3514 ,

133 3540 333 3629 praevalet
342 3560 354 3620 3
385 3538 574 3622 reperitur
602 3538 693 3605 hinc
720 3541 772 3620 [in
801 3533 947 3626 plantis
973 3537 1202 3628 permultis'

95 3689 97 3693 ,
136 3643 290 3709 acidum
311 3642 477 3708 liberum
497 3649 535 3706 et
555 3644 752 3710 obtinetur
783 3641 914 3710 earum
942 3643 1178 3712 destillatio-1

134 3771 182 3815 ne
213 3749 366 3816 acidum
404 3747 613 3835 quodpiam
650 3751 1056 3836 empyreumaticum',
1088 3769 1177 3816 cum

134 3855 324 3920 animalia
351 3855 533 3938 sulphure
566 3857 607 3917 et'
632 3834 826 3940 phesporo
849 3856 1036 3941 gaudent,
1056 3856 1174 3921 sicca·
1273 3891 1276 3898 ,
1381 3849 1386 3858 '

136 3977 207 4044 que
228 3957 490 4023 destillatione
513 3958 753 4022 ammonium
774 3963 813 4022 et
830 3959 955 4023 oleum
974 3977 1175 4053 empyreu·
1285 3959 1293 3966 '

52 4119 56 4134 ,
135 4061 322 4129 maticum
343 4059 578 4144 largiuntur.
622 4059 678 4124 Ob
706 4060 888 4138 majorem
922 4059 1174 4144 compositio-

136 4184 223 4229 nem
252 4163 373 4246 major
398 4179 546 4248 quoque
574 4169 631 4227 est
661 4164 703 4227 in
734 4164 971 4244 animalibus
1002 4165 1175 4231 chemica

134 4266 293 4351 relatio,
313 4263 414 4346 unde
430 4285 623 4350 processus
635 4268 837 4350 vchemicus
860 4267 1066 4352 multiplex
1086 4265 1172 4334 red·
1217 4319 1219 4328 Α

853 4373 1008 4473 ΙΝΜ,
