2936 4998
173 339 177 376 l

226 343 233 348 ’
273 376 350 454 ‘238
391 366 477 438 Lus.
490 361 518 430 1.
534 362 624 426 car.
645 353 691 421 11.
709 356 771 422 Du
789 366 918 420 vrrsu
940 364 1268 458 counrrrourpus.

285 510 464 582 modum..
500 504 577 596 ilis.
600 498 745 566 accedit
773 496 973 584 partium,
1006 485 1262 586 systematum
1293 507 1333 566 et

281 616 520 704 organorum
550 601 773 670 differentia
805 601 883 685 (ῖς.
904 609 957 683 58.
979 604 1031 668 66.
1046 604 1089 687 ),
1114 622 1189 688 qua
1208 603 1332 670 infar-

282 738 378 792 num
404 715 564 803 ponitur
593 705 740 772 virium
750 745 762 781 ‚
784 704 996 788 multiplici
1027 705 1178 774 ratione
1206 706 1332 772 modi·

278 829 508 900 dicatarum,
532 807 747 893 dissidium·
789 808 895 878 Licet
934 806 1054 892 igitur
1073 813 1331 890 statuamus,

277 930 434 1002 easdem
459 917 602 1002 ubique
633 915 763 999 vigere
791 918 954 978 naturae
983 912 1106 988 vires,
1129 914 1332 1002 ipsamque

281 1033 447 1108 vitalem
479 1019 676 1106 energiam
709 1016 757 1080 a'd
787 1013 1011 1100 primitivas
1035 1019 1264 1085 attractivas
1293 1026 1333 1085 et

278 1133 494 1230 repulsivas
529 1118 785 1190 reducendam
816 1137 895 1184 esee
927 1117 1029 1182 vires
1052 1113 1128 1202 (σς.
1148 1132 1200 1202 54.
1222 1124 1349 1209 ⁶3·)›.

190 1266 202 1300 ·.
241 1265 244 1272 ¹
279 1238 445 1319 minime
467 1237 599 1293 tamen
628 1223 721 1287 hinc
752 1209 951 1310 se'qfuitur,
974 1220 1079 1284 vitae
1110 1239 1330 1303 processum

190 1370 193 1376 ’
278 1375 300 1417 e
320 1337 490 1426 simplici
512 1327 678 1420 quadam
701 1323 910 1394 earundem
930 1323 1077 1390 virium
1101 1301 1333 1394 manifesta·

277 1457 386 1522 lione
407 1431 674 1527 exponendum
692 1449 770 1498 esse
783 1452 793 1492 ι
806 1430 885 1493 imo
897 1429 1007 1512 plene
1027 1431 1197 1495 convicti
1211 1439 1332 1516 agno-

280 1557 455 1624 scimus,
490 1529 974 1617 omnes‘possibiles
1009 1529 1202 1596 virium
1237 1551 1331 1597 mo·

282 1655 370 1724 dos
394 1631 782 1732 inorganismis
805 1631 1227 1718 perfectioribus
1258 1633 1331 1697 vi-

280 1779 426 1850 gere,
461 1747 671 1811 cunctas
712 1737 855 1802 vitae
888 1736 1173 1800 universae
1216 1737 1329 1801 fun·

283 1863 484 1934 stiones
517 1849 570 1913 in
603 1843 673 1907 iis
707 1846 1011 1917 occurrere,
1041 1837 1329 1925 harumque

177 2032 180 2038 ,
282 1961 503 2037 omnium
526 1949 778 2014 concentu
799 1938 1091 2028 pr'oc'essum
1113 1941 1236 2028 poni
1256 1941 1330 2009 vi·

280 2072 452 2140 talem·
532 2049 540 2068 '
667 2059 685 2074 ”
816 2062 820 2075 “
934 2060 939 2073 ’

695 2149 699 2175 l

302 2277 321 2294 ε,
361 2210 458 2292 Ergo
479 2197 563 2267 vita
585 2214 664 2260 non
686 2198 744 2259 est
762 2179 1009 2261 mechanicus
1028 2191 1096 2256 aut
1119 2177 1328 2268 chemieu's,

272 2319 350 2386 'nec
381 2299 630 2396 oxydationis
664 2297 732 2361 aut
763 2289 1076 2390 desoxydationis
1106 2281 1327 2380 processus,

277 2439 349 2489 nec
379 2407 577 2476 electrices
587 2437 606 2478 ,·
629 2397 863 2476 Galvanicae
897 2405 964 2462 aut
994 2398 1235 2482 magneticae
1265 2397 1327 2464 vis

240 2576 244 2583 .
280 2523 456 2592 effectuss
487 2501 623 2578 verum
654 2493 747 2570 talis
759 2507 778 2579 ,⁴
804 2502 849 2574 in
877 2521 950 2588 quo
981 2494 1116 2584 lomnes
1154 2500 1326 2568 huetium

278 2622 457 2709 cognitae
492 2611 698 2680 occurrunt
728 2603 875 2669 virium
918 2601 1252 2679 modificationem
1282 2601 1327 2668 in

278 2746 353 2816 quo
373 2722 476 2786 vires
505 2705 735 2777 attractivae
770 2710 808 2790 et
836 2695 1075 2788 repulsivae,
1097 2704 1156 2771 vis
1188 2699 1326 2770 rohas.

278 2836 364 2902 sive
399 2829 436 2888 et
476 2811 788 2912 gravitatipnis‚
817 2810 1070 2876 attractiones
1109 2803 1325 2886 chemicae,

279 2925 536 3018 oxydationes
566 2923 604 2980 et
644 2897 997 3000 desoxydation‘es,
1030 2910 1325 2990 electricitatis,

278 3024 555 3104 Galvanismi‚
586 3018 840 3103 magnetismi
871 3022 942 3106 etc.
982 3015 1135 3080 effectus
1153 3002 1325 3100 ¹vigent,

278 3142 488 3218 cunctaque
529 3121 861 3207 imponderabilis
895 3118 1139 3184 evolvuntur.
1183 3119 1325 3202 Quem-

276 3237 486 3308 admodum
504 3223 615 3296 nulla
632 3220 773 3290 harum
803 3224 947 3290 virium
980 3224 1085 3287 vitae
1102 3200 1324 3289 'constituit

177 3373 179 3382 ⁴
214 3388 217 3393 -
276 3362 454 3416 causam,
475 3337 534 3399 ita
556 3351 685 3397 omnes
709 3330 825 3396 simul
844 3347 1061 3428 supremam
1084 3329 1325 3393 constituunt

276 3455 380 3520 vitae
415 3439 682 3508 efficientiam.
724 3436 804 3499 Etsi
833 3436 957 3519 igitur
989 3433 1086 3497 viris
1117 3433 1322 3500 celeberri-

272 3560 349 3627 mis
362 3557 498 3642 uisum
527 3543 667 3619 suerit,
690 3544 796 3608 vitae
826 3541 1094 3624 phaenomena
1123 3556 1142 3599 e
1170 3535 1322 3621 legibus

277 3653 526 3729 Galvanismi
548 3643 772 3734 exponenda
791 3645 997 3720 fore,eum
1019 3648 1150 3705 tamen
1171 3639 1322 3706 electri·
1364 3675 1367 3682 ,

277 3763 408 3830 citatis
429 3755 588 3822 modum
608 3773 678 3836 pro
697 3750 839 3812 ultima
859 3748 963 3811 vitae
984 3747 1097 3809 causa
1119 3761 1322 3828 agnuscere

276 3863 383 3933 haud
422 3857 644 3943 possumus3
667 3849 802 3936 negari
828 3854 962 3920 tamen
995 3867 1073 3910 non
1103 3849 1255 3928 potest,
1277 3849 1322 3908 ut

276 3990 346 4034 suo
367 3967 451 4031 loco
473 3960 648 4045 pluribus
678 3957 870 4030 dicemus,
894 3939 1162 4016 efficientiam.
1177 3947 1320 4012 Galva·

274 4072 406 4140 nicam
425 4067 468 4131 in
489 4061 680 4146 organicis
711 4055 935 4140 corporibus
956 4056 1141 4138 perpetuo
1168 4047 1318 4125 evolvi,

275 4189 503 4282 omnemque
525 4165 686 4230 vitalem
716 4161 911 4242 actionem
936 4165 1159 4241 processum
1176 4152 1317 4218 Galve·

226 4353 239 4372 ,
276 4282 407 4366 picum
431 4272 610 4362 comitem
630 4266 784 4336 habere·
824 4314 829 4324 .
860 4297 862 4303 =
