2920 4998
389 395 947 462 Nnrunnrcourrurrsrro..
1097 431 1099 436 -
1160 417 1181 483 7

24 591 27 602 .
133 541 324 608 materiae
349 539 451 603 vires
479 541 631 625 triplici
655 541 729 606 hae
754 535 1179 626 rations'modificat'ae

76 657 81 672 ·
134 649 301 733 supponi
328 647 479 754 debent·
820 643 824 648 “

221 793 277 856 Ad
297 793 399 856 vires
421 791 601 882 physicas
625 797 664 856 et
693 793 936 860 mechanicas
959 794 1177 862 referuntur

131 901 335 980 sequentes
350 918 359 958 ι

220 1043 259 1128 1)
282 1024 529 1144 Experientia
547 1046 799 1130 comprobata
828 1049 885 1112 est
914 1043 1179 1110 Newotoni

132 1147 217 1210 tex:
240 1167 400 1240 corpora
417 1151 618 1217 terrestria
638 1151 795 1238 quaevis
830 1151 878 1216 ad
898 1157 1024 1215 terrae
1045 1148 1179 1213 tende-

131 1273 175 1316 re
202 1257 400 1328 centrum,
429 1257 551 1339 prout'
573 1273 735 1336 corpora
765 1243 968 1329 caelestia,
999 1259 1036 1318 et
1063 1251 1180 1316 tellus

130 1373 285 1452 quoque
303 1361 456 1432 nostra,
478 1357 526 1420 ad
550 1378 589 1422 se
611 1356 780 1421 invicem
803 1357 1024 1438 gravitant,
1055 1360 1093 1418 et
1120 1353 1178 1417 di·

27 1521 33 1547 }
137 1459 293 1536 cituris
320 1453 522 1545 corp'orum
541 1461 647 1524 nisus
678 1459 753 1552 vis
786 1457 1180 1544 gravitationis.

133 1591 178 1622 -.·
198 1561 300 1632 Haec
335 1567 464 1628 autem
488 1561 679 1653 ,attractio
711 1581 795 1624 eam
826 1559 999 1654 sequitur
1032 1558 1178 1640 legem,

133 1668 179 1725 ut
199 1662 242 1726 in
262 1663 414 1741 ratione
443 1663 591 1746 directa
611 1683 770 1738 ‘massae
802 1663 854 1750 (ς.
871 1672 962 1748 5·'n.
982 1659 1036 1744 5.)
1059 1665 1096 1722 et
1119 1657 1179 1722 in·

130 1783 245 1826 versa
267 1762 477 1827 distantiae
503 1785 589 1836 suas
614 1770 745 1838 exerat
765 1765 878 1840 vires·
923 1763 1079 1834 Summa
1103 1760 1178 1855 igi-

132 1868 198 1926 tur
223 1857 401 1946 ¹uirium,
437 1866 575 1949 quibus
612 1885 745 1960 corpus
777 1865 936 1951 aliquod
976 1863 1024 1934 ed
1054 1869 1179 1928 terrae

134 1963 315 2030 centrum
337 1969 570 2050 attrahitur,
592 1969 779 2054 pondus
806 1970 1093 2058 positivum
1114 1967 1180 2030 de·

29 2113 38 2124 ·
134 2069 352 2150 terminat3
386 2070 419 2132 si
454 2091 544 2136 vero
572 2073 722 2156 pondus
760 2073 975 2162 positivum
1008 2072 1199 2155 corporis‘
1280 2105 1283 2114 ν

135 2191 224 2234 cum
240 2169 453 2236 *voluminie
482 2172 559 2253 ejus
584 2175 803 2239 conferatur
814 2216 825 2251 ,
845 2195 906 2264 po
920 2175 1044 2239 ndus
1064 2195 1126 2258 ,sp
1141 2195 1178 2236 e-

118 2275 212 2338 ·cif
219 2275 348 2344 icum
383 2277 542 2352 eruitur.
574 2309 616 2326 -
640 2277 767 2342 Efficit
796 2278 1071 2362 gravitationis
1104 2278 1182 2340 ista
1240 2271 1252 2282 '⁴
1313 2271 1316 2279 ’

134 2378 222 2452 vis,
248 2382 293 2440 ut
322 2396 483 2460 corpora
517 2379 717 2450 terrestria
743 2386 878 2444 mutuo
908 2385 1030 2444 semet
1058 2384 1181 2444 attra-

136 2479 256 2554 hant,
278 2481 394 2566 inque
418 2485 592 2543 centrum
619 2486 752 2543 terrae
766 2483 946 2546 verticali
967 2482 1181 2546 directione

134 2582 338 2656 incidant,
360 2587 397 2647 et
419 2582 624 2647 constituit
645 2583 765 2648 simul
791 2594 950 2650 'causam
979 2587 1104 2648 motus
1130 2585 1183 2648 il-

134 2683 212 2748 lius
242 2685 423 2767 perennis
457 2705 499 2748 ac
529 2683 701 2750 ordinati
731 2691 857 2752 terrae
887 2692 925 2752 et
956 2687 1181 2752 caelestium
1230 2716 1234 2733 ι
1340 2687 1345 2701 “

137 2805 356 2871 corporum.

126 3009 130 3016 ι
221 2928 263 3015 2)
297 2929 406 2994 Atiae
430 2935 519 2994 sunt
545 2931 647 2999 vires
669 2925 938 3009 mechanicae,
966 2938 1061 3020 quae
1090 2951 1182 2996 mo·

133 3015 236 3101 tuin
260 3035 303 3098 in
325 3033 547 3117 corporibus
570 3036 774 3102 suscitant.
817 3039 868 3102 Eo
893 3038 1033 3124 quippe
1051 3035 1181 3101 tendit

135 3136 297 3199 interna
319 3135 506 3199 materiae
531 3129 709 3225 energia,
729 3131 774 3202 ut
805 3139 1083 3240 aequilibrium
1111 3157 1181 3222 po·
1269 3211 1273 3222 ‚

136 3243 256 3302 natur
291 3238 393 3301 inter
432 3241 691 3306 contractivas
728 3245 765 3304 et
801 3237 1027 3324 expansivas
1056 3239 1204 3333 vires„
1301 3271 1304 3278 ·
1355 3243 1357 3250 ’

138 3359 215 3424 quo
237 3359 399 3422 corpora
428 3339 470 3404 in
507 3341 650 3406 eodem.
672 3349 903 3426 per-manent
930 3349 1036 3408 statu
1064 3341 1183 3427 inque

135 3444 266 3529 spatio
301 3443 435 3524 eodem
466 3453 737 3526 perseverant,
767 3453 806 3512 et
833 3452 917 3510 tum
948 3445 1003 3510 ad'
1030 3463 1210 3529 sensum

134 3553 313 3614 nostrum
331 3547 547 3631 quieseunt.
581 3549 620 3616 Si
639 3568 730 3616 vero
750 3568 884 3614 causae
906 3547 1182 3634 superveniant
1234 3585 1239 3598 ι

139 3651 263 3725 tales,
285 3669 389 3736 'quae
410 3652 580 3734 eorporis
600 3651 797 3732 cujusdam
820 3652 921 3717 vires
946 3641 1118 3717 interires
1139 3668 1184 3712 ex

132 3773 203 3818 suo
222 3756 452 3836 perturbant
472 3752 727 3840 aequilibrio,
757 3759 840 3818 tum
859 3751 999 3819 relatio
1027 3749 1105 3830 eius
1136 3747 1185 3812 ad

138 3857 312 3939 spatium
354 3862 554 3932 mutatur,
590 3863 628 3922 et
654 3857 778 3922 oritur
809 3861 948 3922 motus·
993 3852 1187 3936 Quoniam
1265 3895 1267 3898 -
1341 3841 1346 3852 ’

138 3977 230 4024 vero
249 3961 402 4027 nullum
424 3961 466 4025 in
486 3965 625 4024 nature
643 3958 778 4024 existit
797 3944 955 4042 eorpus,
973 3957 1075 4044 quod
1097 3974 1187 4020 cau·

140 4061 192 4126 sis
214 4053 495 4134 sufficientibus
524 4062 702 4129 resistere
731 4061 785 4128 sic
806 4060 958 4154 possit,
979 4068 1024 4128 ut
1053 4059 1096 4126 in
1117 4060 1185 4124 suo

101 4181 110 4200 *
138 4172 356 4246 perseveret
373 4167 519 4250 spatio,
533 4169 694 4250 eumque
715 4167 865 4232 nullum
883 4171 1045 4234 naturae
1065 4165 1186 4248 phae-

137 4285 330 4337 nomeuon
353 4271 435 4337 sine
460 4263 572 4356 {motu
599 4269 764 4356 cogitari
792 4272 947 4352 valeam
970 4270 1081 4337 omni
1102 4288 1185 4334 ma·
