2920 4998
387 371 571 454 Nr'runse
594 385 908 473 courenrrsrro.
1153 411 1175 476 9

132 557 184 622 pc
202 541 311 606 motu
330 537 405 601 isto
424 537 607 604 volumen
628 541 666 600 et
684 535 809 620 figura
827 557 1029 623 corporum
1044 583 1054 615 ,
1072 539 1177 627 quod

134 639 422 726 compressione
455 645 521 703 aut
544 639 778 726 expansione
807 641 962 712 accidit.
1006 645 1175 712 Facilius
1270 693 1278 708 .

134 749 267 808 autem
300 743 340 808 id
370 745 513 808 accidit
536 745 579 810 in
610 743 658 808 iis
684 744 929 826 corporibus,
956 749 1026 812 ubi
1046 749 1176 815 minor
1278 771 1283 784 ¹

135 853 195 914 est
217 850 417 924 roheesio,
441 851 543 914 utin
562 849 769 923 mollibus,
794 848 924 915 fluidis
956 856 994 916 et
1010 853 1189 924 aeriforc

134 955 265 1018 mibus
297 975 376 1018 esse
401 955 526 1029 solet,
559 973 656 1037 quae
690 958 840 1017 motum
866 954 1177 1037 comparati·

108 1074 192 1140 svn
204 1077 243 1118 m
264 1057 544 1140 particularum
556 1056 673 1120 facile
695 1056 927 1135 admittunt3
945 1055 1057 1121 facili
1076 1056 1181 1125 enirn

118 1149 293 1248 'negotio
332 1160 409 1223 ista
440 1180 463 1224 a
497 1159 620 1222 causis
656 1153 891 1228 mechanicis
923 1159 1177 1223 et·chemicis

122 1261 344 1344 'comprimi
367 1267 405 1324 et
426 1261 629 1336 contrahi,
656 1261 812 1324 extendi
837 1267 873 1325 et
894 1262 1061 1348 expandi
1089 1282 1178 1345 pos-

131 1367 234 1426 sunt.
278 1362 403 1446 Magis
419 1365 513 1425 ’vero
534 1363 625 1426 huic
652 1364 776 1426 motui
799 1363 984 1427 resistunt
1015 1381 1179 1445 corpora

130 1463 281 1540 solida,
317 1464 358 1530 in
393 1465 529 1550 quibus
559 1460 811 1532 cohaesionis'
831 1463 1177 1548 praedominantur

115 1551 255 1640 .'vires‚
274 1585 434 1653 quarum
456 1567 575 1650 gradu
599 1566 749 1632 diverso
778 1573 814 1630 ot
833 1566 947 1630 modo
967 1568 1076 1630 vario
1100 1565 1175 1634 dis-

103 1671 322 1734 ‘ferentiae
362 1676 558 1762 ponuntur
593 1673 753 1735 variae:
790 1661 1176 1734 sunt'enim'solida

130 1795 296 1860 corpora
324 1776 396 1837 hoc
432 1780 605 1860 respectu
633 1773 834 1860 rigida,
862 1773 1003 1850 laxa,
1035 1773 1173 1838 teria*

130 1879 229 1954 cia,
249 1879 496 1990 fragilia,
521 1879 750 1946 ductilia
772 1885 842 1948 etc.

212 2025 256 2107 4)
280 2023 487 2092 Peculiaris
518 2025 682 2112 deniquo
710 2024 856 2096 virium
880 1993 1175 2107 primitivdrum

129 2126 267 2191 modus
293 2133 371 2202 ast,
394 2149 467 2214 quo
493 2131 709 2194 extensioni
729 2136 767 2194 et
796 2127 1077 2212 compressioni
1095 2145 1175 2187 me-

128 2234 317 2300 chanicae
347 2235 404 2297 ita
426 2235 632 2308 resistunt,
653 2241 697 2300 ut
724 2235 807 2297 vim
832 2235 909 2296 sibi
932 2229 1175 2298 inserendam

126 2357 208 2400 non
229 2336 353 2402 solum
376 2338 570 2409 limitent,
596 2355 731 2400 verum
761 2341 936 2404 cessante
970 2353 1083 2396 causa
1111 2353 1175 2394 ex·

126 2442 313 2510 tendente
342 2448 409 2506 aut
431 2437 905 2524 comprimente·figuram
928 2444 965 2501 et
989 2439 1174 2512 volumen

126 2546 339 2629 pristinum
362 2545 441 2610 sibi
461 2545 683 2608 restituant.
726 2545 827 2606 Haec
850 2547 981 2605 autem
1010 2540 1175 2624 physica

125 2649 337 2733 expansiva
364 2655 401 2714 st
420 2649 661 2722 contractiva
684 2646 883 2738 (tonus)
903 2645 963 2714 vis
996 2643 1174 2724 clasti-

129 2753 262 2821 eitas
294 2751 447 2822 dicitur·
471 2742 475 2768 ¹

600 2945 629 3016 a
673 2929 743 3020 7·'

428 3096 574 3186 Vires
609 3125 881 3189 chemicae.

211 3264 334 3328 Unica
353 3265 508 3350 quidem
528 3268 644 3334 facile
664 3267 707 3332 in
726 3269 909 3332 universa
929 3271 1070 3330 natura
1092 3261 1171 3326 exi-

128 3371 202 3446 stit
237 3371 422 3446 materia,
456 3373 595 3440 iisdem
623 3373 837 3455 informata
867 3371 1039 3447 viribus3
1060 3369 1173 3437 varia
1213 3449 1216 3457 ¹

126 3479 260 3540 tamen
278 3473 433 3566 ratione¹
453 3475 701 3539 modificatae
731 3476 772 3540 in
807 3473 1029 3558 corporibus
1050 3472 1171 3536 variis

126 3573 358 3668 primitivae
376 3583 468 3668 sunt
485 3578 585 3642 vires
603 3577 654 3662 (ς.
674 3577 860 3666 4.),ιιηόὀ
883 3555 1091 3661 dualitates
1112 3574 1171 3641 dir

128 3689 262 3744 versae
294 3683 331 3740 et
361 3680 716 3761 phaenomenorum
745 3680 913 3762 varietas
951 3678 1077 3764 repeti
1106 3676 1171 3742 de·

128 3767 237 3840 bont.¹
278 3777 408 3842 Prima
428 3786 557 3848 autem
583 3781 749 3865 qualitas
781 3781 988 3853 materiae,
1012 3799 1107 3864 quae
1129 3779 1171 3846 in

128 3898 259 3941 sensus
280 3879 441 3957 incidit,
463 3881 749 3968 maximamque
771 3882 977 3945 scrutatori
1006 3885 1171 3944 naturae
1206 3921 1214 3951 .

129 3983 256 4064 aperit
288 3983 415 4060 viam,
445 3987 701 4052 attractio
734 3991 789 4050 est
819 3986 1033 4064 materiae,
1067 3967 1171 4052 inter

130 4083 339 4154 dissimiles
367 4087 407 4174 ·)
423 4087 639 4171 plurimum
663 4089 796 4174 vigens
817 4088 1085 4152 substentiss.·
1106 4089 1170 4160 Ef-

129 4184 259 4254 ficitur
281 4209 372 4256 vero
394 4187 629 4256 attractione
651 4189 818 4266 ieta„ut
847 4185 1053 4256 dissimiles
1081 4193 1172 4258 suh·
1207 4189 1212 4198 ’

129 4292 299 4390 stantiae
310 4332 321 4368 ‚
343 4310 438 4374 quae
460 4286 537 4359 'suis
558 4311 636 4360 non
659 4293 773 4360 modo
793 4291 975 4360 differunt
1002 4297 1172 4381 qualita-
