2950 5002
266 403 325 456 120
483 387 486 396 '
687 381 927 481 xtimuimus.
1023 419 1027 428 ·

234 569 239 582 ,
264 553 347 608 res,
371 532 437 617 qui
461 549 546 599 cum
568 527 652 611 ipso
678 527 732 592 Jo.
755 511 1305 624 Sivammardamdtao)

265 637 438 700 animam
468 653 536 718 pro
567 651 747 716 suprema
784 633 1138 700 habuerunt-vitae
1170 657 1309 712 causa,

264 739 331 828 qui
353 739 559 810 discrimen
581 737 681 798 inter
705 734 944 800 voluntarios
964 745 1008 827 et.
1022 739 1309 806 involuntarios

145 907 151 920 ,
264 846 394 930 motus
410 837 669 910 sustulerunt,
692 836 874 918 etprima
896 839 1091 909 Stahliani
1116 846 1308 925 systema·

158 1011 161 1018 ,
263 947 315 1012 tis
350 945 522 1028 jecerunt
553 941 820 1008 fundamenta.
849 976 891 992 -··
925 943 1054 1008 Claud.
1087 940 1307 1010 Ptrrsurr

264 1047 317 1132 (ς.
339 1067 390 1133 29.
416 1069 453 1120 n.
476 1049 530 1136 6.)
555 1069 589 1110 a.
622 1047 714 1116 1⁶80.
737 1043 890 1108 animae
925 1046 1117 1114 influxum
1145 1049 1188 1112 in
1218 1047 1309 1114 fun·

154 1219 158 1228 ¹
266 1150 410 1214 stiones
444 1149 596 1238 quasvis
626 1146 782 1240 uberius
814 1146 893 1230 jam
924 1152 1129 1234 exposuit3
1162 1155 1200 1216 et
1227 1150 1309 1233 ipse

264 1254 384 1318 etiam
416 1257 637 1338 Osarnsros
670 1251 722 1338 (i.
741 1269 794 1332 30·
819 1273 856 1317 n·
883 1254 938 1336 4,)
967 1257 1120 1326 animae
1147 1255 1309 1322 eandam

261 1357 406 1424 tribuit
419 1359 650 1443 potentiam.
694 1357 973 1441 opitulabatur
995 1360 1085 1426 dein
1100 1361 1310 1449 psychicos

262 1461 435 1530 theoriae
458 1449 640 1531 doctrina*
665 1463 930 1530 Paracalsi
959 1467 1004 1531 de
1022 1465 1160 1530 archoo
1182 1463 1235 1558 (t.
1257 1471 1312 1536 28.

171 1599 174 1606 ·
261 1584 298 1642 n·
320 1564 373 1650 a.)
386 1607 396 1642 ,
409 1587 503 1654 quae
525 1569 595 1632 sub
616 1567 736 1648 finem
756 1587 826 1632 sec·
843 1569 951 1644 xvll.
969 1589 1038 1652 per
1059 1567 1311 1662 Germaniam

262 1677 416 1754 recepta
432 1673 650 1756 plurimum
665 1672 764 1748 fuit,
788 1693 977 1758 quamque
999 1673 1198 1740 Stahlii
1216 1691 1311 1758 quo.-

264 1789 337 1873 que
367 1780 613 1859 praeceptor,
648 1775 1089 1860 Geor,w01fg.wrnrr
1115 1777 1310 1848 tuebatur.

351 1935 389 2020 1)
412 1933 476 2002 Vir
497 1932 820 2010 melancholicus,
843 1953 1016 1998 summae
1037 1933 1310 2019 adrogantiae,

152 2062 154 2068 ·
265 2035 394 2099 omnis
424 2036 654 2122 eruditionis
678 2056 786 2112 osor,
808 2027 1217 2124 suaeque-sententiae
1247 2038 1311 2103 in·
1342 2079 1366 2126 *t
1467 2047 1468 2054 ’

262 2136 455 2205 humanus
499 2143 794 2223 propugnator,
826 2139 962 2224 Georg.
999 2141 1145 2204 Ernest.
1176 2139 1309 2204 Stant.

264 2237 386 2324 (prof.
418 2241 610 2306 Hellensis
650 2246 688 2304 et
719 2239 807 2306 dein
839 2242 1002 2312 archiat.
1033 2241 1076 2303 R.
1113 2241 1263 2306 Boruss.
1292 2241 1311 2319 t

263 2343 378 2424 1934.)
390 2380 400 2414 ,
414 2341 503 2408 inde
525 2345 573 2406 ab
595 2363 627 2406 a.
653 2343 744 2419 1684.
766 2347 938 2430 systema
957 2342 1178 2427 divulgavit
1198 2361 1311 2428 psy-

262 2438 477 2520 chicum.
521 2445 675 2529 Reiecto
715 2449 877 2510 naturae
910 2445 1116 2510 universae
1155 2443 1310 2520 studio,

260 2549 444 2635 physica,
469 2549 622 2614 chemia
643 2553 681 2611 et
705 2549 905 2620 anatomia
926 2549 1079 2631 penitus
1101 2547 1311 2632 neglectis,

262 2654 362 2736 leges
398 2653 572 2737 organici
603 2652 774 2732 corporis
804 2672 871 2734 per
898 2645 1105 2734 empiriam
1135 2638 1309 2720 rationa-

261 2739 337 2822 lem
369 2739 553 2821 eruendas
583 2755 732 2818 voluita
756 2754 890 2822 Omnis
909 2755 1090 2821 ‘matiria
1119 2779 1312 2846 omnaque

263 2879 398 2942 corpus
418 2863 477 2921 est
497 2858 622 2930 iners,
645 2875 713 2920 neo
742 2855 856 2919 aliter
878 2863 1073 2932 movetur,
1099 2878 1214 2945 quam
1241 2881 1311 2944 per

146 2963 150 2972 “
262 2959 501 3026 substantias
543 2960 852 3033 immateriales,
884 2959 985 3023 unde
1014 2969 1144 3026 motus
1170 2965 1311 3049 ,quivis

263 3066 368 3134 haud
400 3066 508 3131 aliud
541 3072 618 3141 est,
643 3085 757 3153 quam
789 3073 896 3160 actus
935 3068 1175 3148 spiritualis3
1199 3088 1310 3154 orga-

262 3173 409 3254 nismus
431 3176 486 3236 est
508 3191 643 3254 corpus
664 3172 763 3250 tale,
785 3171 885 3257 quod
907 3173 1083 3254 partibus
1103 3173 1314 3240 instruitur

264 3275 319 3340 sic
340 3274 596 3357 comparatis,
621 3283 664 3341 ut
687 3276 883 3342 communi
905 3275 1162 3360 respondeant
1187 3265 1310 3340 desti·

265 3378 432 3444 nationi.
476 3381 525 3444 Ut
552 3363 681 3444 autem
709 3377 917 3446 discrimen
940 3377 1043 3444 inter
1065 3390 1223 3462 corpora
1249 3375 1321 3444 or·'

263 3481 402 3566 ganisa
419 3486 457 3546 et
476 3501 554 3546 non
574 3484 757 3568 organica
778 3478 894 3562 (viva
913 3486 951 3545 st
970 3481 1111 3566 mista)
1130 3481 1227 3543 bens
1246 3479 1309 3544 in·

264 3583 497 3669 telligatur„
511 3584 749 3650 differentias
782 3571 927 3664 adjecit
953 3583 1005 3647 st.
1035 3582 1309 3658 momentosis·

265 3686 405 3762 simas,
428 3675 520 3774 duas
549 3686 735 3760 hodierni
763 3683 889 3754 adhuc
920 3685 1118 3777 adducunt
1141 3685 1310 3772 'physio-

267 3785 361 3872 logi.
422 3846 425 3854 ,
489 3801 491 3808 ’

218 3973 233 3986 ·
350 3952 511 4020 Causam
540 3950 772 4036 primariam
803 3949 981 4036 energiae
1015 3952 1189 4037 organici
1225 3971 1308 4020 cor·

267 4058 372 4142 poris
403 4059 601 4124 Stratius
625 4057 707 4122 enti
737 4055 925 4125 adscribit
944 4043 1184 4134 immortali,
1207 4059 1310 4144 quod

269 4164 488 4228 animam
519 4161 626 4227 dicit.
656 4197 697 4214 -
723 4165 824 4228 Haec
853 4169 983 4228 autam
1015 4165 1148 4233 anima
1178 4169 1308 4229 motus

264 4283 347 4334 uon
374 4269 500 4334 solum
528 4267 643 4352 ponit
667 4269 932 4346 voluntarios,
952 4287 1087 4336 verum
1115 4275 1155 4336 et
1174 4287 1308 4354 corpo·
