2936 4998
270 412 334 506 296
384 439 386 448 ·
477 409 563 474 Lm.
583 407 611 470 1.
631 405 688 467 Da
707 415 811 466 vrrs
837 407 1093 464 eausrurnu.

259 573 335 646 que
364 493 749 631 simiarum⁸s1iecies
782 541 829 608 ad
857 543 1073 607 humanum
1108 539 1309 620 pertinere
1358 595 1362 603 .

260 679 378 750 genus
410 655 667 724 crediderunt.
721 647 924 714 Generales
963 643 1135 711 hominis
1171 643 1311 706 chara·

262 775 381 834 oteres
405 783 537 834 omnes
549 799 560 834 ,
583 755 754 820 incultae
783 751 903 814 etiam
932 747 1134 821 nationes,
1156 765 1314 830 praese-

258 873 392 944 ferunt
414 867 532 938 adeo,
554 865 599 924 ut
618 859 681 925 vel
697 859 783 939 ipsa
803 845 943 937 capitis
974 850 1161 916 formatio
1184 869 1207 912 a
1226 848 1311 911 for·

228 968 233 984 ’
261 977 436 1052 mationa
479 962 727 1050 Troglodytis
739 1001 751 1036 ‚
779 958 909 1042 Satyri
930 961 967 1020 et
987 955 1130 1019 Simiae
1150 955 1224 1018 Lar
1241 971 1313 1035 pe·

260 1087 368 1148 nitus
402 1074 556 1140 differat
587 1069 662 1154 **).
695 1063 911 1128 Facultates
946 1064 1075 1122 autem
1101 1056 1314 1128 mentales,

262 1178 483 1273 quae.apud
508 1172 674 1238 incultas
698 1165 876 1232 nationes
907 1162 1101 1245 insopitae
1123 1161 1311 1234 haerent,

259 1279 525 1354 accedentibus
557 1267 805 1347 adminiculis
839 1261 1091 1334 necessariis,
1126 1261 1313 1326 suscitari

262 1389 409 1476 optime
429 1382 613 1465 possunt,
635 1373 753 1446 adeo,
778 1375 822 1434 ut
851 1362 1113 1446 Grtinlandiae
1136 1371 1174 1429 et
1193 1369 1311 1457 lime·

152 1540 154 1548 ·
259 1496 365 1561 ricae
385 1484 551 1552 borealis
571 1480 743 1552 incolae,
767 1472 832 1561 qui
862 1472 1025 1537 humani
1048 1472 1172 1536 cultus
1203 1470 1312 1532 inca-

260 1615 372 1684 paces
405 1587 680 1655 credebantur,
709 1575 873 1644 salutari
904 1573 1135 1640 missionum
1167 1577 1312 1636 conatu

262 1695 405 1766 exculti
426 1690 575 1776 egregie
594 1683 754 1750 fuerint.
798 1677 955 1745 Videtur
986 1678 1138 1760 itaque,
1160 1681 1204 1740 ut
1234 1675 1315 1738 Cel.

263 1806 469 1895 seueriore
490 1787 658 1858 advertit
682 1781 798 1872 (inst.
829 1783 941 1868 phys.
965 1783 992 1844 I.
1013 1801 1049 1862 p.
1075 1779 1182 1864 279),
1206 1777 1309 1842 ratio

261 1899 435 1968 hominis
458 1916 525 1982 per
545 1913 584 1956 se
605 1891 799 1970 impotens
825 1905 928 1957 esse,
953 1887 990 1946 et
1009 1883 1201 1966 humanus
1225 1901 1312 1944 sen-

264 2026 327 2072 sus
347 2005 467 2068 latere
486 2015 597 2083 posse
609 2037 621 2072 ,
647 1992 764 2056 donec
793 1987 1075 2064 informatione
1099 1986 1310 2061 exciteturg

147 2185 151 2194 ,
263 2127 351 2174 cum
372 2102 519 2170 bestiae
541 2101 695 2170 contre,
718 2092 860 2176 absque
879 2089 1029 2154 ratione
1054 2105 1170 2173 aeque
1191 2095 1228 2152 et
1250 2087 1312 2150 in-

264 2207 499 2281 structione,
522 2221 590 2284 per
610 2219 649 2270 se
670 2194 892 2259 adolescant.
915 2192 963 2255 ad
993 2211 1079 2254 eum
1104 2190 1311 2274 perfectio.

263 2311 323 2379 nis
341 2308 527 2403 gradum,
548 2301 612 2366 cui
633 2304 773 2364 natura
795 2318 860 2379 ¹eae
885 2293 1107 2360 destinavit.
1190 2271 1193 2286 ⁸

243 2479 244 2484 ’
343 2471 425 2554 Etsi
445 2469 563 2534 homo
590 2483 613 2528 a
645 2460 768 2526 causis
798 2459 975 2524 coaulicis
1008 2457 1159 2531 minus,
1180 2475 1310 2542 .quam

263 2583 412 2646 ceterae
445 2570 549 2638 orbis
582 2570 780 2631 creaturae
810 2561 1087 2628 determinetur
1122 2556 1174 2641 (t.
1196 2573 1248 2641 45.
1271 2578 1309 2622 n.

262 2680 332 2765 3.),
355 2671 700 2741 climatis-tamen,
730 2663 909 2728 alimenti
937 2667 975 2725 et
1006 2662 1112 2725 vitae
1142 2659 1310 2724 rationis

264 2787 397 2848 tantus
428 2780 484 2838 est
515 2769 708 2846 influxus,
740 2773 785 2831 ut
815 2763 1059 2830 differentiae
1088 2761 1311 2849 aliquae1in

263 2879 429 2950 humani
449 2872 619 2959 corporis
637 2871 783 2944 forma,
806 2867 996 2934 incolere
1026 2868 1123 2934 cutis
1148 2873 1186 2932 et
1209 2864 1312 2950 pilo·

262 3003 351 3051 rum
363 2982 428 3057 ,in
449 2973 695 3041 lineamentis
715 2971 832 3036 faciei
853 2977 922 3035 etc.
938 2973 1189 3044 oboriantur,
1209 2953 1310 3054 'quae

264 3086 380 3156 simul
402 3083 662 3148 characterem
687 3071 867 3176 afliciunt
891 3073 1224 3156 peculiarem,per
1246 3089 1311 3154 ge·

265 3189 486 3258 narationes
506 3177 823 3266 propagandum,
845 3181 883 3240 et
903 3181 987 3254 tum
1009 3195 1087 3238 nen
1116 3174 1310 3238 nisitnu·

198 3363 201 3368 ,
263 3292 448 3363 tandum,
477 3284 545 3348 ubi
578 3300 714 3346 causae
746 3283 925 3343 externae
962 3279 1120 3364 quaevis
1152 3257 1309 3342 niutan·

263 3406 358 3471 tur,
390 3397 505 3476 atque
542 3386 656 3452 varia
686 3383 827 3446 accidit
859 3385 1109 3446 stemmatum
1146 3373 1309 3446 commi·

264 3497 352 3564 etio.
375 3490 554 3558 Infinitus
577 3493 708 3552 autem
732 3489 791 3548 est
809 3482 973 3549 humani
993 3483 1141 3566 generis
1165 3483 1198 3546 is
1218 3482 1310 3545 cha·

265 3586 390 3666 r'acter
403 3617 413 3676 3
434 3594 629 3690 generales
654 3595 786 3654 tamen
806 3587 977 3650 hominis
1010 3608 1034 3650 v
1045 3607 1095 3649 ar
1111 3586 1124 3648 i
1138 3608 1156 3649 e
1168 3591 1183 3650 t
1197 3590 1307 3648 ates

264 3711 351 3793 post
382 3703 456 3767 eel.
486 3691 942 3768 Blumenbachium
971 3691 1142 3778 quinque
1181 3693 1307 3756 stetu·

264 3816 403 3878 untur:

351 3975 390 4063 1)
413 3970 522 4034 ”Cau
536 3961 707 4030 carica
735 3959 881 4044 stirpes
912 3977 1046 4044 corpus
1077 3965 1308 4038 venustumg

266 4067 503 4164 aequissima
520 4067 692 4152 partium
722 4065 961 4150 singularum
991 4063 1038 4126 ad
1070 4083 1108 4128 ee
1139 4063 1309 4126 invicem

264 4174 464 4266 proportio
476 4213 487 4252 ,
510 4189 606 4256 quae
628 4166 931 4252 pulchritudinis
954 4166 1137 4248 exprimit
1157 4166 1308 4242 ideam3

267 4277 451 4350 candidus
470 4273 578 4340 *cutis
608 4270 734 4355 color;
753 4289 873 4364 genae
903 4269 1065 4350 rubrae,
1096 4269 1224 4334 lineae
1248 4269 1310 4332 fa·
