2920 4998
314 359 448 444 spuma
469 354 735 428 Passsososiis
754 365 978 436 Messenes.
1121 381 1163 452 47

582 511 612 582 §-
654 491 708 588 e5.
764 585 768 592 ι
805 523 815 568 s

137 683 468 786 ⁴Pathologia
490 687 540 754 et
562 691 898 774 experientia
917 661 1123 762 medice.

199 829 274 893 Ubi
298 829 525 914 disciplinas
549 831 740 908 medices,
763 841 896 900 nostra
918 839 1072 924 quidem
1098 861 1161 905 ae·

116 937 199 998 tate
228 933 362 997 mullis
394 935 617 1000 nominihus
648 935 875 1014 distinctas,
898 941 973 1006 rite
999 961 1161 1027 perpen-

115 1043 269 1117 dimus,
293 1047 446 1108 cunctas
469 1041 688 1110 arctissimo
710 1066 808 1110 nexu
836 1049 914 1115 sibi
938 1053 1161 1132 coniunctas

114 1166 195 1208 esse
225 1135 480 1228 perspicimus
513 1146 628 1222 adeo,
650 1152 694 1211 ut
729 1168 860 1218 omnes
895 1149 1012 1216 simul
1041 1172 1159 1224 unam

97 1252 272 1336 ¹tantum
305 1249 474 1316 efficiant
505 1252 731 1330 scientiam,
755 1253 803 1319 ad
832 1275 951 1320 unum
981 1259 1163 1326 eundem·

115 1370 189 1436 que
212 1373 342 1417 omnes
362 1355 526 1432 tendant
547 1377 727 1442 scopum,
750 1361 865 1444 alque
895 1361 1069 1444 singulae
1101 1385 1162 1427 re·

116 1451 244 1536 liques
270 1460 308 1520 et
337 1476 469 1520 omnes
491 1457 662 1542 singulas
692 1461 914 1546 perficient.
957 1465 1044 1530 Tali
1068 1484 1162 1549 quo-

115 1556 328 1644 quemodo
358 1557 610 1646 physiologia
630 1581 716 1624 cum
751 1560 980 1646 pathologia
1009 1569 1047 1628 et
1070 1583 1161 1628 oum

114 1659 269 1756 meslica
302 1659 476 1744 jungitur
516 1663 765 1745 experientia.
808 1663 961 1728 Etenim
999 1671 1162 1731 naturae

44 1847 48 1854 ι
114 1767 230 1832 vivae
251 1769 289 1828 et
308 1783 422 1828 senae
444 1767 544 1850 leges
565 1788 634 1853 per
656 1767 893 1851 aegrotantis
916 1771 1077 1832 naturae
1102 1791 1162 1834 re·

114 1869 225 1953 gulas
255 1869 410 1933 uberius
443 1869 721 1950 innotescunt3
749 1889 876 1935 rerum
918 1875 1163 1947 externarum

116 1973 226 2036 actio
244 1971 286 2036 in
310 1993 444 2058 eorpus
464 1973 598 2054 vivum
629 1993 696 2057 per
729 1971 1039 2049 observationes,
1063 1976 1166 2044 circa

120 2103 253 2148 causes
283 2081 505 2148 morborum
541 2073 664 2148 iactes
685 2120 696 2155 ‚
719 2079 824 2144 ultre
853 2079 1022 2164 patefit3
1044 2080 1164 2166 phae-
1254 2165 1257 2174 ὁ

8 2187 9 2240 ἶ
114 2205 284 2252 nomena
303 2183 444 2252 vitalia
463 2202 531 2266 per
552 2182 755 2248 abnormes
772 2183 877 2247 vitae
899 2183 1165 2267 apparitiones

8 2271 10 2286 Ι
116 2291 384 2356 illustrentur·
376 2287 599 2374 ‚synergiae
619 2287 782 2372 denique
796 2293 834 2352 et
852 2307 1055 2350 consensus
1075 2307 1164 2350 nor·

118 2391 237 2458 malis
267 2393 366 2475 leges
398 2409 465 2502 per
501 2389 652 2472 regulas
679 2388 930 2480 sympathiae
962 2388 1165 2472 morbosae

117 2495 405 2562 elucubrantur
449 2471 586 2557 Multa
618 2498 720 2556 certo
760 2485 1035 2578 physiologum
1071 2477 1166 2556 huc·

117 2597 211 2664 dum
233 2598 420 2672 laterent,
443 2593 521 2658 nisi
545 2614 613 2678 per
634 2596 988 2671 observationos‚e
966 2593 1166 2864 &Qun

118 2719 323 2786 aegrorum
356 2705 487 2782 captas
501 2739 512 2773 ,
537 2697 687 2763 detecta
713 2697 901 2774 fuissent,
925 2703 1007 2783 estq
1076 2719 1165 2782 pra·

116 2807 177 2872 xis
212 2803 361 2870 medice
391 2800 597 2868 rationalis
621 2821 712 2878 vera
733 2822 812 2867 ers
837 2801 1070 2866 eniticat
1101 2822 1165 2865 eo·
1268 2864 1273 2874 ,

118 2909 321 2973 semesum·
350 2905 721 2992 physiologicorum.
743 2939 783 2958 -·
806 2904 1025 2988 optandum
1058 2909 1164 2967 certo

116 3010 279 3082 fuisset,
302 3010 345 3070 ut
375 2999 486 3073 nemo
506 3027 676 3092 unquam
699 3007 821 3085 alter,
845 3008 923 3072 nisi
954 3027 1067 3072 verae
1100 3029 1162 3072 ex-

71 3121 77 3132 '
118 3109 336 3200 perientiae
368 3110 561 3187 medicus,
585 3107 630 3174 de
656 3113 800 3174 natura
828 3112 1019 3186 humana,
1043 3129 1165 3196 quen-

43 3284 47 3296 ,
118 3225 204 3284 tum
228 3237 272 3280 ea
292 3214 580 3300 physiologiam
597 3214 757 3297 respicit
765 3214 943 3291 ,tulisset
963 3213 1163 3297 judicium,
1253 3273 1263 3294 ,

121 3343 197 3410 quo
229 3320 404 3404 explosae
429 3320 546 3382 toties
587 3318 821 3404 hypotheses
862 3323 900 3394 et
930 3325 1163 3404 systemata,
1237 3395 1248 3410 α

119 3425 293 3491 infinitis
317 3427 396 3510 jam
425 3423 577 3486 vicibus
608 3429 646 3487 et
666 3423 779 3488 veria
802 3423 871 3486 sub
901 3423 1030 3488 forma
1057 3443 1163 3508 repe-

66 3589 68 3594 .
119 3531 221 3624 tite,
244 3547 313 3614 pro
351 3525 520 3589 maximo
558 3527 706 3610 generis
744 3525 907 3620 humani
942 3525 1164 3601 commodo,

121 3635 249 3700 lucem
280 3627 565 3714 conspexissent
594 3631 811 3716 nunquam:
834 3628 949 3690 unica
969 3634 1060 3693 tum,
1084 3631 1163 3693 exi·
1270 3671 1276 3684 ·
1320 3627 1324 3636 '

119 3742 241 3812 steret
267 3728 442 3807 theoria,
464 3731 694 3818 unicumque
732 3736 975 3816 systeme‚a
1004 3751 1096 3796 vera
1127 3735 1165 3796 et
1267 3745 1270 3756 “

120 3839 282 3908 firmate
305 3833 544 3926 experientia
561 3839 763 3905 haustum!

229 4101 270 4163 Μ.
292 4101 330 4160 D.
355 4098 488 4156 GAUBII
514 4096 716 4154 institutiones
740 4079 931 4164 pathologiee
958 4090 1035 4150 med.
1059 4091 1115 4154 Ed.
1132 4093 1159 4149 8.

192 4185 279 4246 Laid.
293 4188 361 4250 Bet.
380 4195 458 4258 ¹78¹.
475 4217 511 4230 -
525 4186 596 4240 Chr.
611 4183 662 4239 W.
679 4181 903 4238 HUFELAND:
921 4177 1011 4235 ldeen
1035 4199 1089 4234 eur
1111 4181 1164 4235 Pe·
1242 4173 1247 4188 ‘

112 4331 117 4339 .
191 4277 346 4353 thogenie.
370 4277 446 4336 lene
467 4289 543 4349 1795·
560 4280 589 4338 8.
603 4303 640 4332 .-
654 4258 757 4345 ejusd.
782 4269 899 4346 system
921 4265 951 4330 d.
968 4265 1177 4344 praecinctos·

146 4374 169 4414 s
274 4377 281 4394 ,
443 4375 445 4382 .
