2920 4998
245 349 294 460 'ys
323 437 326 446 ,
446 453 450 470 Ι
661 361 922 437 inerrasse?

253 511 424 584 rationis
455 507 680 577 libertatem
718 516 757 574 et
795 505 1012 576 tollendam
1055 509 1302 593 superstitio·

253 646 358 694 nem.
402 621 617 688 Plurimum
640 619 760 684 etiam
782 617 992 682 contulisse
1013 615 1169 684 videtur
1204 620 1303 682 celes

252 732 322 798 ber
345 728 414 802 ille
430 727 588 791 Dunrrs
611 721 659 786 ab
680 721 962 786 florssovrrzs
987 715 1211 806 (Hungarus
1229 721 1304 784 Bus

250 833 382 900 densis
404 826 626 926 nat-1533)
635 825 897 944 Imperatoris
916 825 1205 894 Fumuauml
1224 827 1307 912 pris

247 957 296 1028 us
320 939 345 1000 a
366 932 540 1012 consiliis
564 929 757 1004 intimus,
782 929 982 1011 episcopus
1003 927 1093 993 dein
1103 929 1303 993 Tiniensis
1344 949 1354 960 ·

191 1041 202 1064 ⁰
241 1037 290 1104 et
313 1027 506 1122 Quinque·
490 1031 772 1106 -ecclesiensis,
797 1032 890 1094 cleri
911 1031 1122 1116 Hungarici
1149 1033 1302 1096 adcon·v

250 1143 390 1206 cilium
409 1138 685 1205 Tridentinum
712 1135 1040 1206 celebratissimus
1061 1137 1214 1222 legatus
1261 1155 1305 1202 ac

243 1241 387 1338 postea
408 1229 650 1336 legatio'nis
639 1262 681 1308 1n
712 1239 875 1304 Polonia
898 1242 1152 1318 secretarius,
1174 1240 1299 1325 pluri-

245 1347 331 1436 mas
350 1343 516 1436 protulit
531 1349 582 1413 'de
605 1369 645 1411 re
675 1345 830 1412 medica
861 1345 1080 1422 veritates,
1105 1346 1199 1414 adeo
1222 1387 1233 1424 ,
1254 1353 1301 1412 ut

247 1455 419 1538 maxime
441 1451 634 1519 eruditum
655 1448 735 1532 eius
755 1447 844 1510 aevi
865 1445 1060 1514 medicum
1078 1449 1199 1513 fuisse
1226 1468 1300 1534 pu-

248 1563 381 1646 tares„
408 1543 566 1625 Monuit
585 1561 736 1630 autem,
756 1553 999 1638 praeiudicia
1027 1556 1196 1638 maxime
1222 1573 1303 1618 esse
1322 1541 1344 1618 .’

213 1683 220 1690 ·
241 1637 481 1726 ⁸cavenda'in
502 1657 713 1741 disciplina
731 1654 914 1735 medica,
904 1676 913 1694 ·
937 1655 1118 1738 Galeni
1150 1655 1300 1719 theori-

247 1783 311 1827 am
347 1762 481 1826 critice
513 1757 847 1832 examinandam,
871 1775 994 1840 eaque
1021 1761 1176 1822 tantum
1204 1757 1299 1820 reti

241 1865 388 1930 nenda
383 1883 582 1950 assequere
601 1860 752 1946 optima
761 1857 943 1933 videntur
957 1864 1117 1930 etveras
1130 1858 1297 1942 explosit

239 1966 412 2051 denique
445 1985 597 2030 caecam
615 1970 656 2028 et
679 1949 1027 2044 superstitiosam
1015 1983 1058 2026 1n
1088 1982 1294 2028 numerum
1374 1949 1384 1967 ⁰

185 2113 188 2122 .
215 2147 218 2154 y
243 2069 495 2144 ternarium,
519 2069 561 2134 in
584 2068 758 2132 amuleta
778 2071 816 2137 et
835 2063 988 2142 similia
1005 2062 1207 2132 fiduciam.
1317 2103 1323 2108 ·

243 2219 252 2230 '
333 2211 416 2274 Non
441 2210 622 2274 obstante
651 2210 786 2274 t'amen
815 2165 958 2268 mentis
985 2205 1058 2269 hac
1086 2205 1302 2282 libertate,
1407 2279 1413 2292 Ι

238 2315 397 2379 nullum
430 2315 603 2400 unquam
635 2315 765 2377 fueret
789 2317 943 2394 tempus
956 2350 967 2400 2
988 2329 1062 2396 quo
1081 2312 1299 2377 humanum

192 2423 197 2430 '
238 2437 383 2502 genus,
407 2417 640 2480 Germanica
662 2416 907 2498 cumprimis
928 2415 1053 2498 natio,
1076 2419 1230 2478 tantum
1250 2435 1296 2479 ac

238 2519 357 2606 modo
379 2517 614 2604 prodidisset
635 2501 809 2608 furorem
827 2499 1057 2594 fanaticum,
1069 2519 1187 2605 inque
1205 2535 1293 2603 my-

244 2625 464 2693 sticismum
486 2628 525 2686 et
550 2623 868 2710 superstitionem
902 2623 1030 2686 omnis
1043 2621 1194 2706 generis
1206 2641 1298 2706 prov

234 2721 480 2816 'pensionem-
524 2729 808 2794 Grassabantur
829 2723 951 2810 igitur
973 2746 1018 2790 ea
1038 2733 1165 2798 aetate
1178 2747 1294 2812 agyr-
1340 2744 1345 2753 ’

241 2839 307 2896 tae
328 2873 339 2908 ,
374 2829 628 2926 alchemistae
648 2836 697 2894 ⁴et
726 2830 1042 2915 praestigiatores
1063 2871 1074 2906 ,
1114 2831 1180 2916 qui
1201 2829 1295 2914 *plez

236 2933 332 2998 'bem
348 2935 567 3011 indoctam,
589 2933 659 3008 sub
685 2931 796 3000 larva
814 2953 928 3020 saepe
957 2934 1160 3019 religionis
1182 2976 1195 3014 ‚
1216 2935 1294 2998 fal·

239 3034 390 3103 iebant·

326 3182 369 3267 a)
395 3183 468 3246 Sub
491 3180 565 3244 hoc
585 3197 715 3246 rerum
750 3177 832 3246 situ
864 3178 928 3246 vir
957 3183 1038 3252 acri
1070 3181 1227 3271 ingenio
1256 3188 1296 3252 et

242 3284 406 3350 ardente
446 3284 732 3370 imaginatione
767 3282 999 3370 praeditus,
1022 3289 1130 3354 omni
1158 3294 1296 3356 tamen

194 3381 202 3390 “
239 3395 415 3474 respectu
435 3389 1293 3485 rudis‚scholaechemico-mysticae,

240 3512 339 3579 quae
361 3493 628 3575 spagirica
658 3493 884 3568 dicebatur,
908 3489 966 3576 (a.
987 3498 1114 3584 ,1525·)
1147 3498 1290 3562 funda-

238 3602 392 3660 menta
387 3595 516 3680 jecit,
540 3597 601 3660 cui
628 3595 810 3660 illiterati
835 3616 914 3662 non
938 3599 1084 3677 solum,
1106 3600 1172 3668 sed
1201 3601 1290 3688 plu·

165 3743 168 3752 ·
238 3699 333 3769 rimi
368 3701 486 3764 etiam
519 3700 736 3765 medicinae
770 3701 1005 3782 professores
1024 3725 1094 3794 per
1127 3707 1288 3774 Germa-

235 3803 348 3868 niam
375 3811 413 3869 et
436 3805 609 3870 Galliam
630 3801 899 3870 adhaeserunt.
1180 3823 1185 3828 ·

323 3945 1287 4032 PhilippusAureolusThsophrastus

238 4050 478 4124 Prusenses
522 4053 835 4122 Bombastus
873 4057 923 4122 ab
962 4047 1282 4124 Hohenheim

236 4131 356 4246 (tlelv
360 4163 410 4220 et.
420 4159 540 4241 t15ar.
544 4159 590 4245 )'
579 4182 611 4224 rs
629 4166 722 4237 erat,
746 4159 812 4248 qui
834 4158 1053 4226 doctrinam
1076 4161 1142 4226 Ga
1155 4177 1173 4240 1,
1186 4175 1209 4226 s
1222 4175 1247 4223 rt
1253 4176 1278 4224 1

226 4259 449 4332 *rudissima
472 4265 773 4350 superstitione,
794 4251 1114 4353 theosophisticis
1135 4286 1179 4332 ac
1194 4285 1283 4354 my·
1322 4361 1325 4372 Ι
