2920 4998
277 403 321 474 5,
611 318 633 446 ,ι
703 373 926 440 luonsssus.

276 523 330 598 ut¹
353 547 485 595 omnes
512 522 668 599 modos,
691 525 830 610 quibus
858 525 1033 590 humans
1060 527 1163 594 ratio
1194 529 1241 597 de
1268 553 1333 598 rs.

273 639 350 704 hus
370 641 533 700 naturae
562 629 834 716 philosophari
863 638 1010 715 potest,
1034 636 1143 703 vario
1165 631 1346 720 'pertenu'
1399 673 1403 678 =

279 739 451 806 taverint
473 754 670 811 successu,
692 731 870 819 nihilque
892 734 965 798 hac
995 737 1038 800 in
1067 760 1107 802 re
1137 731 1332 805 successo-

279 844 387 911 ribus
417 839 624 907 omiserint
656 837 964 902 inveniendum·
990 840 1166 922 Qualiter
1199 833 1335 908 outoni

279 947 326 1012 hi
353 943 626 1030 philosophiae
663 946 825 1006 naturae
859 944 1051 1010 senserint
1078 945 1333 1026 fundatores,

281 1051 361 1134 jam
381 1067 483 1114 nunc
504 1045 717 1112 videamus.

250 1174 254 1184 ⁵
369 1191 409 1278 1)
432 1191 583 1254 Tuntss
613 1185 783 1265 Miletis,
805 1193 931 1254 sectae
961 1187 1116 1278 lonicae
1147 1189 1337 1260 fundator

284 1292 375 1386 (cir.
399 1315 433 1356 s.
455 1293 528 1369 640.
552 1290 769 1377 schum.)
781 1331 793 1368 ,
815 1290 1045 1376 primariam
1070 1283 1245 1360 omnium
1272 1318 1337 1360 re·

283 1420 371 1468 rum
403 1396 610 1462 materiam
637 1414 779 1482 aquam
813 1417 891 1460 esse
932 1396 1095 1472 statuit,
1118 1402 1157 1482 et
1198 1397 1336 1475 docuit

285 1503 419 1578 omnia
450 1521 496 1564 ex
518 1499 597 1562 ists
614 1497 786 1564 formata
815 1519 896 1564 esse
923 1519 991 1583 per
1016 1519 1192 1576 eausam,
1217 1521 1364 1588 quam,

286 1607 401 1674 deum
423 1599 696 1686 compellavit3
719 1602 926 1677 adtribuit,
950 1609 1077 1667 motus
1099 1611 1337 1695 spontaneos

286 1710 466 1785 animae,
489 1709 527 1768 et
563 1711 725 1770 naturae
754 1707 1025 1789 phaenomena
1056 1707 1337 1788 daemonibus,

287 1819 356 1902 qui
388 1821 516 1880 totum
549 1813 718 1895 implent
744 1811 991 1888 universum,
1014 1811 1242 1898 adscripsit3
1265 1816 1341 1881 ha·

287 1919 378 1986 huit
412 1914 600 1980 mundum
630 1919 819 1996 proente
850 1915 1049 1991 animato,
1073 1917 1174 2000 quod
1206 1924 1340 1982 motus

288 2043 377 2088 suos
398 2039 482 2084 cum
502 2017 655 2083 ratione
674 2015 840 2102 perficit.
882 2021 980 2084 Hine
999 2020 1120 2105 igitur
1141 2029 1257 2088 ensis
1278 2029 1338 2090 est

288 2125 381 2193 idea
411 2123 651 2189 desnima
672 2122 868 2200 mundi,
901 2123 1021 2210 deque
1051 2143 1337 2192 macrocos-

214 2283 216 2288 .
289 2248 363 2295 mo
388 2226 812 2291 etmicrocosmo..

371 2373 635 2438 Prrmsoms
667 2367 724 2452 (a.
744 2387 875 2453 5oo.·a.
896 2369 983 2434 Chr.
1010 2372 1072 2458 n.)
1103 2370 1232 2466 ignem
1263 2393 1336 2464 pro
1418 2377 1422 2382 '

287 2472 395 2540 vitae
408 2472 611 2537 constituit
627 2473 843 2557 principio,
856 2477 971 2557 atque
987 2465 1208 2544 aethereum
1228 2477 1339 2558 prin-

291 2576 438 2674 cipium
468 2597 537 2660 pro
572 2582 750 2641 motuum
781 2577 1015 2638 animalium
1048 2597 1182 2656 causa;
1206 2579 1338 2664 dupli·

290 2701 374 2746 sem
396 2680 536 2744 statuit
557 2679 754 2754 animam,
776 2677 1064 2762 intelligentem
1086 2697 1224 2759 unam,
1237 2705 1338 2771 quas

290 2783 335 2848 in
358 2782 509 2855 cerebro
540 2778 704 2856 residet,
727 2785 766 2844 et
796 2780 917 2844 aliam
948 2781 990 2846 in
1018 2783 1136 2848 ¹corde
1165 2787 1339 2854 residen-

290 2893 396 2960 tem,
418 2882 620 2947 desideriis
643 2886 681 2946 et
700 2883 967 2951 aversionibus
990 2872 1229 2971 occupatam.
1259 2893 1340 2958 Do·

292 2983 422 3048 ctrina
451 2981 695 3070 Pythagorea
716 2983 762 3048 de
783 2985 977 3062 numeris,
1000 2989 1110 3055 vario
1133 2993 1248 3057 modo
1269 2995 1342 3077 per'
1385 3049 1389 3055 .

180 3091 186 3106 '
290 3086 423 3152 varios
456 3087 650 3172 exposita,
671 3086 876 3154 intellectu
913 3090 1127 3173 plurimum
1157 3096 1341 3181 impossi-¹

291 3190 410 3268 hilis,
441 3191 628 3256 scientiae
655 3193 805 3257 nullam
835 3192 986 3276 adferre
1022 3201 1154 3282 potuit
1184 3204 1342 3269 utilita-

292 3302 396 3370 tem,
417 3298 462 3357 ut
488 3297 528 3358 et
547 3295 817 3380 superstitiosa
843 3297 921 3380 ejus
952 3299 997 3362 de
1018 3303 1141 3368 malis.
1160 3309 1198 3368 et
1224 3303 1341 3376 bonis

292 3396 546 3466 daemonibus
579 3399 723 3482 opinio.
745 3432 787 3451 -
807 3403 1016 3466 Aremlsos
1057 3407 1342 3488 Crotoniensis,

253 3543 271 3574 ,-
292 3495 537 3586 Pythagorae
577 3501 812 3587 discipulus,
843 3503 992 3585 primus
1024 3507 1142 3571 fuisse
1183 3508 1343 3584 videtur

164 3617 172 3632 ’
293 3606 520 3681 enatemus,
544 3609 612 3669 aut
631 3605 771 3704 saltem
789 3605 908 3670 bruta
927 3607 1111 3672 incidisse
1144 3611 1342 3698 creditur3

294 3707 525 3791 conscripsit
553 3708 723 3783 iste,sut
753 3707 955 3774 Dmouuss
975 3714 1014 3774 et
1042 3713 1219 3780 CLEMENS
1252 3719 1343 3782 Alea

294 3809 507 3876 nands-inus
548 3815 773 3907 ‘testantun
813 3812 983 3896 primum
1027 3813 1073 3879 de
1112 3823 1252 3886 natura
1290 3823 1342 3887 li·

292 3915 408 3981 hrum
429 3911 788 4004 (physiologiam),
811 3925 850 3984 et
871 3918 1046 4004 prodidit
1067 3923 1262 3991 theoriam
1292 3929 1341 3996 de

294 4015 494 4094 sensibus,
518 4017 563 4082 de
591 4004 863 4104 generations,
886 4023 1006 4108 deque
1035 4046 1195 4112 somno,
1218 4031 1342 4099 mini·

294 4139 358 4188 me
380 4127 513 4190 temen
533 4125 783 4194 fructuosam.
