2936 4998
293 409 356 490 276
397 371 626 471 hal-Cis.
645 401 709 467 111.
732 403 793 466 De
814 413 951 465 sauss.
974 415 1103 468 v1rsn
1124 381 1271 472 niun.

292 555 435 644 ganica
464 555 550 639 ipsa
564 551 647 639 '‘per
678 552 784 615 vitae
809 553 1087 637 corrumpatur
1099 525 1342 638 prodessum,

294 661 366 727 alii
393 659 600 724 necessarii
623 663 714 720 sunt
741 658 911 721 modist
936 649 1024 722 viae
1054 661 1154 724 aliae
1167 702 1179 736 ,
1202 665 1343 748 quibus

293 761 508 847 superfluae
540 765 579 822 et
616 759 778 822 nocivae
822 761 1075 826 eliminentur
1114 763 1343 844 particulae.

289 866 477 936 Accidunt
497 861 616 944 igitur
637 861 769 924 variae
790 863 1020 954 sacrationes
1039 865 1359 941 etexcretiones,'

289 967 491 1036 exhalatio
525 966 623 1028 cutis
664 971 702 1028 et
735 967 991 1048 pulmonum,
1024 967 1192 1030 excretio
1233 969 1316 1032 alvi
1327 1015 1340 1048 ¹.

289 1063 425 1140 urinae
442 1078 533 1147 eta,
554 1069 693 1155 quibus
717 1089 852 1152 corpus
876 1091 899 1132 a
925 1071 1077 1136 nocivis
1107 1079 1338 1157 repurgetur

291 1179 480 1246 materiis.

253 1299 258 1310 ·
371 1325 481 1410 Viget
503 1324 635 1407 itaque
653 1326 839 1405 perpetua
857 1319 900 1382 in
922 1319 1147 1402 corporibus
1168 1323 1340 1404 phaane-

261 1441 264 1445 ’
287 1429 454 1496 robiotis
484 1426 673 1490 materiae
703 1423 964 1506 permutatio,
987 1441 1227 1506 quaeorum
1256 1447 1339 1488 ser·

286 1541 401 1601 vatur
432 1530 638 1616 integritas
676 1524 696 1610 (
709 1536 739 1604 5.
766 1535 820 1608 38.
850 1547 888 1591 n.
923 1523 1013 1612 3.);
1037 1519 1170 1590 eadein
1204 1535 1339 1594 autem

286 1631 477 1706 materiae
511 1632 716 1718 organicae
751 1631 1004 1707 vicissitudo,
1028 1652 1126 1717 quae
1156 1633 1339 1723 vitalita7

284 1747 367 1806 tem
399 1739 575 1822 singulae
616 1739 821 1798 conservat
859 1735 1015 1818 partis,
1044 1737 1164 1799 vitali
1205 1738 1340 1800 subest

283 1841 547 1914 efficientiae,
569 1837 671 1901 unde
700 1836 845 1898 virium
875 1842 914 1900 et
946 1839 1193 1902 functionum
1223 1839 1339 1903 debi-

284 1953 371 2012 tum
394 1942 568 2026 deposcit
586 1943 836 2013 concentum,
863 1946 900 2003 et
918 1941 1159 2024 gubernatur
1179 1945 1336 2026 praeci-

281 2069 357 2134 pue
385 2066 453 2130 per
483 2061 666 2108 nerveam
693 2047 732 2104 et
760 2040 996 2106 irritabilem
1028 2044 1111 2108 vim
1143 2042 1204 2130 (ς.
1232 2064 1285 2128 75.
1296 2047 1336 2136 ).

280 2148 617 2236 Quemadmodum
646 2147 904 2226 incitamenta
928 2149 1084 2233 quaevis
1105 2153 1259 2235 passive
1291 2176 1336 2220 se

276 2256 424 2322 habere
444 2251 630 2318 hactenus
653 2249 816 2325 debent,
840 2253 884 2314 ut
906 2243 973 2332 per
995 2255 1210 2338 organismi
1229 2255 1335 2322 vires

276 2358 509 2443 superentur
540 2351 592 2433 (ς.
624 2349 724 2436 69.),
747 2352 806 2416 ita
834 2356 872 2415 et
895 2351 1101 2431 materies,
1125 2375 1223 2442 quae
1247 2377 1334 2422 cor·
1448 2433 1449 2446 χ

278 2478 350 2542 pus
382 2458 548 2522 subeunt
580 2456 833 2540 organicum,
856 2454 1002 2520 mutari
1029 2457 1186 2538 penitus
1216 2479 1335 2542 opor·

273 2562 359 2638 tet,
382 2578 456 2646 quo
489 2558 649 2622 induere
678 2563 862 2620 naturam
887 2558 1048 2622 valeant
1077 2561 1328 2646 organicams

276 2665 436 2728 sienim
461 2660 502 2724 id
523 2679 600 2724 non
632 2659 898 2742 contingeret,
920 2661 1031 2723 nulla
1059 2669 1157 2726 esset
1178 2665 1330 2732 virium

275 2763 476 2850 oppositio
487 2763 603 2838 „sine
632 2781 708 2846 qua
748 2765 851 2827 actio
881 2763 1009 2826 locum
1042 2766 1187 2831 habere
1219 2769 1329 2836 haud

274 2874 416 2955 potest.
467 2866 646 2930 Videmus
686 2865 777 2935 hinc
817 2865 1009 2932 alimenta
1056 2872 1197 2948 varia,
1228 2895 1329 2960 quae

274 2991 467 3040 summam
506 2969 709 3034 continent
741 2969 1060 3052 principiorum,
1092 2975 1169 3038 sibi
1210 2999 1327 3062 saepe

272 3075 560 3164 contrariorum
582 3073 835 3148 varietatem,
860 3073 1022 3138 eundem
1053 3077 1191 3161 largiri
1226 3081 1325 3166 chy-

274 3179 358 3247 lum
379 3185 419 3242 et
447 3176 677 3260 sanguinem
705 3175 785 3241 fere
816 3197 968 3259 semper
1000 3178 1183 3252 eundem,
1206 3180 1325 3246 adeo·

271 3303 346 3371 que
368 3263 502 3345 veram
531 3277 758 3364 praecedere
790 3280 897 3342 omni
926 3278 1211 3346 adsimilationi
1240 3305 1324 3349 me·

270 3385 553 3472 tamorphosin.
611 3382 724 3446 Nulla
753 3383 873 3451 etiam
906 3386 1076 3472 corporis
1113 3388 1322 3472 integritas

269 3489 419 3556 servari
440 3493 525 3552 tum
546 3493 698 3572 posset,
712 3487 781 3550 ubi
803 3486 989 3552 materiae
1008 3495 1207 3566 externae,
1221 3511 1320 3577 quae

184 3603 190 3610 '
269 3593 388 3660 toties
418 3594 641 3664 mutantur,
671 3595 715 3654 ut
743 3589 842 3652 tales
880 3591 1102 3674 organicam
1142 3597 1321 3662 subirent

266 3696 485 3764 materiem.
529 3693 804 3757 convincimur
823 3695 947 3775 porro¹
960 3695 1005 3758 de
1024 3696 1141 3761 vitali
1163 3699 1236 3763 hac
1257 3722 1320 3764 or·

265 3799 492 3885 ganicorum
515 3815 716 3877 corporum
739 3799 951 3878 potestate,
975 3816 1059 3860 cum
1084 3799 1133 3862 ad
1146 3780 1319 3866 ‘morbo-

171 3974 175 3986 ¹
267 3924 352 3968 sum
375 3898 611 3966 reflectimus
634 3903 802 3968 statum:
827 3888 987 3962 etenim'
1002 3903 1177 3968 chemica
1208 3907 1317 3988 prin·

264 4007 458 4091 cipiorum
485 4001 655 4076 indoles,
678 4001 792 4066 laesis
816 4007 1147 4098 quaqua'ratione
1180 4011 1315 4078 vitali·

261 4105 335 4174 hus
359 4107 528 4178 viribus,
550 4104 592 4168 in
612 4105 830 4169 ventriculo
854 4111 892 4168 et
924 4107 1013 4172 aliis
1046 4113 1201 4198 organis
1232 4138 1314 4188 ¹sese

261 4211 461 4294 produnt;
492 4211 641 4270 eructat
674 4206 895 4272 stomachus
936 4211 1090 4278 acidum
1134 4217 1195 4280 vel
1223 4221 1312 4304 pinf

264 4331 377 4398 guem
399 4310 551 4386 cibum,
573 4307 641 4374 ubi
670 4311 775 4378 vires
805 4311 1004 4399 ejus'sunt
1032 4315 1312 4396 labefactatam
