2920 4998
294 447 310 464 ,
358 411 488 477 sruou
506 409 774 479 Puxsrocoorer
792 413 1015 486 Mus-sonus.
1133 507 1137 516 Ι
1155 439 1199 509 35

160 569 258 638 aque
279 551 463 634 rejiciunt
481 553 700 620 ratiocinia.
743 557 861 623 Rudis
893 560 996 626 enim
1019 561 1199 646 empirie,
1250 625 1253 630 Α

98 671 103 678 ’
159 675 259 743 quae
291 677 419 723 rerum
456 664 494 722 et
530 659 886 742 phaenomenorum
919 667 1202 737 varietates-in

161 765 307 823 certum
330 778 408 834 non
437 759 581 843 redigit
612 763 650 824 et
676 765 969 848 systematicum
1001 770 1200 852 ordinem,

154 873 256 948 quae
278 881 417 925 nexum
441 880 640 925 causarum
665 873 704 930 et
723 874 929 934 eventuum
960 855 1090 937 eruere
1121 897 1200 941 nou

155 966 384 1056 adlaborat',
405 967 591 1034 scientiae
613 969 720 1035 omni
740 990 817 1034 non
840 972 954 1037 modo
975 979 1200 1058 nontutilis',

154 1089 290 1136 verum
314 1071 499 1161 damnose
521 1079 599 1154 est;
621 1075 747 1158 ipsum
770 1074 859 1141 dein
881 1079 976 1143 ortis
1003 1081 1199 1163 cujusdem

157 1175 407 1252 exercitium,
420 1179 500 1242 solo
522 1197 590 1242 usu
613 1185 651 1244 et
671 1182 943 1246 consuetudine
963 1193 1199 1270 perceptum,

153 1284 283 1354 nullas
312 1281 461 1364 regulas
493 1281 685 1346 et.nullas
724 1282 959 1350 universales
991 1305 1198 1372 agnoscens

39 1443 45 1450 .
152 1387 277 1472 leges,
307 1383 498 1448 incertum
528 1387 646 1468 estlet
676 1383 868 1450 humanae
899 1391 1024 1482 menti
1057 1414 1197 1480 oppro.

151 1485 339 1582 briosum.

183 1667 189 1676 ·
233 1643 283 1708 Ut
301 1617 422 1728 igitur
440 1647 621 1708 naturam
641 1641 854 1710 humanam
874 1645 1004 1714 debite
1022 1669 1198 1734 perscru*

149 1753 302 1823 temus,
332 1750 438 1814 vitae
460 1749 750 1831 phaenomena,
784 1771 914 1816 causes
947 1759 984 1817 et
1017 1756 1195 1835 effectus,
1304 1763 1308 1784 ¹

74 1881 82 1928 ·.
150 1852 253 1936 quod
286 1851 560 1936 physiologiae
592 1851 835 1917 medicinalis
857 1853 1030 1936 deposcit
1060 1878 1200 1943 scopus¹

148 1953 202 2037 (ς.
229 1957 302 2039 13.)
314 1993 326 2029 ,
347 1973 416 2037 pro
440 1954 621 2036 possibili
641 1974 818 2020 eruamus
830 1996 840 2032 ,
862 1959 1090 2024 methodum
1114 1983 1195 2027 em-

148 2059 316 2142 piricam
338 2078 423 2122 cum
444 2057 659 2123 theoretice
687 2053 970 2146 conjungemus.
1013 2065 1194 2152 Anelyti·

145 2162 302 2227 cahinc
323 2153 507 2228 methodo
541 2162 765 2248 quorumvis
789 2165 1002 2248 organismi
1029 2169 1194 2235 humani
1260 2187 1264 2196 ·

143 2267 560 2352 partiumqualitetss
596 2265 800 2351 physicas,
831 2268 1020 2332 chemicas
1053 2278 1090 2336 et
1121 2275 1191 2360 dy·

142 2371 344 2446 nomicos,
367 2375 480 2458 atque
509 2370 779 2454 phaenomena
806 2371 948 2435 vitalia
976 2391 1044 2456 per
1066 2377 1192 2442 anim·

141 2474 385 2540 adversiones
425 2480 463 2538 et
504 2472 793 2538 observationes
841 2477 893 2560 (ς.
929 2477 1001 2562 18.)
1041 2486 1189 2543 scruta.

139 2569 281 2642 bimur·
322 2575 503 2642 collectis
535 2575 669 2640 taliter
705 2575 1040 2643 observationibus
1063 2579 1189 2664 pluri-

139 2685 215 2750 mis
238 2683 519 2768 experientiam
538 2697 671 2747 vorem
695 2682 741 2747 de
761 2683 848 2748 vita
877 2682 1051 2750 humana
1069 2695 1194 2771 'cape-·
1251 2675 1267 2688 '¹

137 2810 179 2853 re
200 2785 486 2858 laborabimus,
512 2790 550 2849 st
571 2791 724 2852 utemur
745 2785 810 2849 hic
839 2785 1021 2870 analogia
1033 2829 1044 2864 ,
1067 2789 1182 2854 indu-

140 2891 268 2957 ctione
287 2894 328 2962 et
353 2888 626 2973 experimentis
647 2885 798 2970 (§.19·).
818 2888 892 2974 Ubi
913 2909 1004 2954 vero
1025 2897 1185 2960 certitu·
1242 2915 1244 2920 ·
1354 2893 1376 2939 ι’

140 2995 274 3060 dinem·
293 2991 417 3056 adhuc
438 2997 605 3056 statuere
627 3003 704 3055 non
736 2991 917 3066 licuerit,
939 2992 1150 3078 hypothesi
1173 3038 1184 3073 ,

138 3105 178 3162 ot
200 3097 385 3182 opinione
406 3093 662 3169 verosimili,
686 3093 793 3157 omni
813 3097 945 3158 tamen
969 3115 1054 3159 cum
1071 3117 1183 3181 prae-

136 3202 317 3267 cautione
337 3205 511 3274 utemur,
537 3203 575 3262 et
604 3180 839 3280 disciplinae
857 3196 1092 3280 explebimus
1119 3203 1185 3267 hi·

50 3293 53 3304 ’
135 3311 234 3371 atus
278 3302 536 3390 Singillativis
559 3299 713 3365 deinum
735 3297 1064 3384 cognitionibus'
1053 3325 1094 3368 ιη
1117 3327 1185 3392 sy-

134 3405 382 3475 stematicum
416 3401 592 3469 ordinem
625 3399 822 3485 dispositis
853 3403 929 3467 et
918 3425 958 3468 rn
974 3406 1183 3486 unitatem
1216 3453 1220 3462 ,

135 3509 361 3598 synthetico
403 3487 545 3572 modo
559 3505 793 3592 conjunctis,
824 3526 1044 3590 supremam
1074 3512 1182 3578 vitae

135 3635 314 3704 causam,
346 3617 533 3709 quantum
563 3611 605 3678 id
633 3609 807 3689 licuerit,
827 3611 1111 3724 scrutabimur

225 3768 235 3810 Κ
271 3814 274 3823 ›
599 3822 630 3895 ς·
668 3821 725 3886 ΙἯι

526 4023 785 4092 Eruditio'
842 4084 844 4097 ,

173 4195 348 4263 Omnis
360 4192 515 4292 quidem
530 4195 696 4260 scientia
715 4165 974 4259 eruditionem
996 4191 1175 4278 requirit,

131 4299 326 4386 siquidem
347 4302 464 4367 homo
488 4297 677 4366 docilis
698 4298 823 4364 solum
835 4336 847 4371 ,
877 4313 954 4360 uon
983 4314 1074 4359 vero
1096 4297 1175 4388 do·

983 4399 1008 4463 c
1027 4419 1045 4470 o
