2950 5002
335 343 339 351 ⁸
368 373 574 472 Hrs'roms
595 366 907 442 Pursrorosmr.
1111 363 1185 460 ⁵²57
1210 455 1219 468 ι
1307 445 1312 468 ,

92 495 94 502 ‚
212 522 256 610 7)
278 518 385 585 Inter
405 515 613 602 praecipua
634 513 875 604 adminicula
883 493 1045 604 ,ouibus
1068 539 1180 586 0000.

127 625 265 694 nomia
285 623 468 689 animalis
486 623 703 706 plurimum
737 623 973 689 illustranda
991 629 1186 708 speratur,
1211 621 1213 632 ⁴

130 729 508 816 magnetismus
532 727 806 809 animalis,
831 727 938 812 cujus
959 715 1093 794 tamen
1116 731 1183 794 hi·

128 835 294 902 storiam
312 857 384 920 pro
405 835 484 900 alio
507 831 760 920 relinquimus
782 835 868 898 loco
880 875 893 912 ,
915 832 1054 902 referri
1075 841 1183 898 certo

129 941 257 1006 debet.
300 937 451 1002 Colitur
478 933 608 1002 hodie·
624 955 714 1022 pars
751 935 830 1000 ista
858 935 1130 1022 physiologiae
1160 955 1185 1002 a

130 1047 230 1112 viris
250 1039 417 1111 scientia
449 1043 705 1148 clarissimis,
729 1045 914 1130 omnique
942 1043 1184 1130 praejudicio
1291 1030 1300 1092 '.

129 1150 416 1237 superioribus·
406 1195 417 1227 ‚
430 1169 499 1214 nec
512 1149 677 1232 amplius
687 1147 962 1234 superstitioni
985 1158 1053 1223 aut
1074 1153 1183 1216 frau-

129 1257 171 1322 di
194 1255 299 1320 locus
323 1259 380 1326 est
389 1273 499 1330 ,cum
519 1253 789 1338 phaenomena
816 1255 1038 1340 magnetica
1058 1256 1185 1322 eurio
1262 1257 1265 1262 “

130 1381 168 1426 se
187 1357 467 1445 disquiruntur.

214 1518 257 1599 8)
279 1516 354 1580 Sub
377 1513 505 1578 finem
518 1503 642 1577 seculi
654 1509 781 1576 xvm.
800 1553 813 1590 ‚
834 1511 904 1578 uhi
923 1461 1187 1583 Brownia·

132 1639 245 1686 num
266 1623 438 1704 systema
455 1616 568 1682 etsie
590 1615 694 1682 dicta
724 1615 1076 1700 incitationis
1098 1622 1186 1686 the-

131 1723 218 1787 oria
239 1718 295 1798 (5.
315 1723 362 1786 h..
356 1743 412 1796 n,
433 1721 490 1809 3)
510 1719 969 1806 criticosuhjiciebantur
991 1724 1187 1800 examini,
1278 1709 1280 1716 ¹

129 1807 178 1889 ad
199 1823 375 1909 vigentes
407 1824 736 1909 philosophorum
757 1825 909 1891 scholas
939 1826 1082 1892 medici
1112 1829 1187 1893 ite·

132 1947 220 1994 rum
241 1921 523 2026 confugerunt,
547 1931 614 1990 aut
641 1925 775 2012 potius
818 1927 1090 2014 philosophi
1079 1929 1187 2014 spei,

124 2005 506 2116 ¹omnienperiehtia
525 2031 675 2096 medica
695 2031 896 2110 destituti,
919 2037 1090 2102 adsuum
1101 2058 1188 2121 per·

129 2137 257 2202 tinere
276 2138 406 2200 forum
426 2131 691 2210 crediderunt,
713 2135 860 2220 judicia
881 2137 983 2202 ferre
1006 2136 1051 2203 de
1073 2142 1187 2208 rebus

130 2237 424 2303 medicis—Ab
446 2257 489 2302 eo
511 2236 601 2302 inde
624 2235 799 2320 tempore
813 2245 992 2324 'systema
1010 2241 1186 2323 philoso-
1265 2218 1275 2332 Σ

127 2341 289 2434 phicum
305 2343 469 2406 Imman.
490 2341 607 2406 llum·
619 2331 742 2423 (prof.
755 2327 1002 2424 Regiomont.
1020 2344 1037 2421 t
1054 2346 1184 2432 1804),

28 2455 31 2466 '
132 2447 199 2510 vel
229 2443 392 2511 termini
422 2444 553 2528 potius
597 2443 676 2527 ejus
705 2443 893 2520 scholae,
928 2443 972 2509 in
1000 2443 1185 2531 discipli·
1282 2523 1284 2526 ¹
1337 2489 1338 2494 κ
1414 2423 1425 2476 ⁸.

35 2631 38 2638 Ι
131 2549 442 2616 nam'medicam
469 2547 676 2614 transferri
708 2554 939 2631 coeperunt3
970 2548 1184 2634 viguerunt

83 2717 84 2722 ,
126 2653 249 2718 ‘modo
271 2653 461 2717 vocahula
490 2672 595 2718 nova
617 2657 656 2716 et
675 2651 909 2732 arbitrariae
927 2650 1188 2737 hypotheses,

131 2757 180 2820 ab
205 2755 409 2840 ingenioso
433 2755 590 2842 quidem
611 2755 799 2844 magistro
832 2767 1032 2839 nunquam
1065 2777 1186 2822 enun-

131 2859 292 2936 ciatae,
325 2880 463 2924 verum
505 2879 573 2946 per
609 2860 874 2924 luxuriantem
905 2857 1199 2944 discipulorum*

86 2997 92 3004 ·
134 2960 388 3084 phantasiam
408 2962 639 3045 productae;
664 2962 878 3026 contrarias
901 2981 1012 3044 saepe
1038 2969 1077 3028 et
1109 2966 1187 3030 sibi

132 3068 229 3153 ipsis
239 3067 459 3151 oppositas
490 3066 709 3149 sapientiae
737 3039 780 3129 hi
808 3065 982 3132 doctores
1011 3072 1186 3155 protule-

133 3178 240 3240 runt
248 3168 497 3246 sententias,
521 3167 645 3260 adeo,
669 3171 712 3231 ut
742 3165 857 3232 modo
888 3167 1187 3240 adfirmaverint

134 3295 202 3348 ea,
228 3289 324 3358 quae
344 3268 481 3353 paulo
483 3273 572 3332 ante
603 3247 805 3352 negarunt
823 3273 861 3332 et
889 3265 1072 3332 vicissim.
1115 3267 1185 3332 His

132 3361 495 3470 deniqueiaccedin
519 3369 621 3458 quod
653 3390 823 3437 omnem
838 3371 1042 3458 rejecerint
1070 3391 1183 3456 expe-

131 3479 341 3552 rientiam,
363 3480 600 3552 statuentes,
623 3473 826 3545 scientiam
856 3491 923 3556 per
953 3473 1080 3538 solum
1099 3494 1185 3537 sen·
1197 3511 1203 3572 3

133 3605 198 3660 sus
231 3580 376 3657 interni
411 3579 601 3644 intuitum
624 3578 920 3644 construendam
950 3591 1050 3653 esse,
1081 3577 1198 3640 unde

136 3690 275 3771 suapte
298 3673 407 3770 p'atet
418 3730 430 3763 ,
452 3705 568 3770 quam
585 3684 772 3756 damnosa
792 3669 1064 3770 physiologiae
1087 3681 1204 3806 haec

136 3790 300 3892 evadere
321 3789 490 3854 debueri'
484 3809 497 3852 c·
517 3776 734 3852 methodus.

120 3953 127 3968 '
165 3953 409 4021 criticam
429 3955 462 4018 K
477 3950 619 4016 antii
636 3937 930 4042 philosophiam
950 3991 962 4026 ‚
986 3967 1082 4036 quae
1114 3970 1185 4017 no-

138 4067 238 4128 stras
260 4056 305 4121 de
335 4061 477 4120 natura
502 4053 742 4139 cognitiones
761 4071 830 4136 pro
853 4070 981 4120 rerum
1001 4053 1184 4138 imagine,

28 4211 29 4230 1
120 4159 317 4236 sensibus
340 4157 805 4230 nostrisadcommodata
822 4157 986 4252 habuit,
1010 4178 1185 4245 quaena-
1272 4239 1273 4244 ἵ

28 4257 37 4319 ἷι
139 4279 272 4339 turem
292 4268 419 4356 ipsam
440 4285 508 4351 pro
534 4263 733 4349 incognito
764 4259 1029 4332 screationum
1062 4271 1186 4330 exter·
1282 4303 1286 4314 ·

585 4401 597 4444 i

1334 3963 1342 3996 i

1361 4155 1367 4168 ¹
1392 4171 1398 4205 l
