2936 4998
265 371 330 438 280
372 363 459 429 Lrn.
478 359 506 428 1.
527 363 623 428 Car,
640 357 707 428 111.
725 359 784 426 Dr
805 371 1251 468 sensumsensurn

274 530 346 598 que
366 509 507 592 speciei
534 506 736 593 proprios,
759 507 936 574 excedere
967 512 1034 576 viri
1060 513 1198 596 possit·
1214 514 1321 578 limi·

273 619 353 676 tes:
377 594 939 696 qualitercunque'nutriantur
963 615 1121 696 plantae
1133 657 1145 690 ,
1169 615 1321 680 anima·

273 701 328 785 lie
351 719 488 800 etipse
508 717 629 784 etiam
649 697 768 786 honio
779 759 791 794 ,
814 722 961 784 certum
981 724 1117 786 tamen
1137 721 1323 792 volumen

275 809 453 900 eiicedere
473 820 538 884 vix
557 827 740 904 possunt,
764 839 849 888 cum
872 843 890 884 e
912 827 1049 889 contre
1070 823 1323 908 cryptobiota

274 944 455 1012 corpora,
477 926 585 988 utin
613 924 760 990 nativis
791 930 828 988 et
850 923 1125 990 artificialibus
1154 928 1322 1010 orystal-

274 1029 322 1092 lis
335 1030 542 1104 ¹videmus,
565 1050 588 1092 a
609 1027 774 1106 minimo
802 1027 1002 1092 volumine
1025 1027 1067 1090 in
1090 1030 1232 1096 molem
1258 1051 1323 1094 ex·

272 1152 437 1197 crescere
455 1138 620 1216 possunt
641 1117 855 1200 infinitam}
899 1131 1015 1196 Varia
1040 1136 1173 1196 tamen
1200 1132 1324 1196 ratio-

268 1254 318 1302 ne
339 1236 516 1304 sehabet
535 1235 705 1318 corporis
728 1236 1009 1298 incrementum
1030 1233 1071 1296 in
1090 1236 1325 1318 organismis

220 1387 226 1402 .
273 1336 458 1424 diversis:
483 1339 629 1422 etenim
658 1340 840 1424 pleraque
870 1334 1059 1400 animalia
1091 1356 1209 1422 usque
1235 1359 1324 1402 eam

273 1441 415 1514 saltem
441 1442 657 1511 increscunt
673 1447 870 1515 aetatem,
895 1459 990 1524 quae
1010 1459 1129 1502 unam
1160 1441 1324 1508 tertiam

272 1551 340 1606 aut
376 1547 693 1630 quartamvitae
735 1539 860 1608 efficit
901 1547 1076 1626 partem3
1109 1543 1324 1618 crocodili,

268 1647 395 1728 pisces
417 1649 618 1727 nonnulli·,
642 1655 681 1712 et
703 1649 858 1714 arbores
888 1647 1041 1732 aliquae
1061 1651 1165 1719 ,toto
1198 1647 1327 1712 incre·

271 1759 383 1844 scunt
399 1755 700 1836 vitae-tempore
722 1748 775 1838 ¹⁸).

313 1889 317 1896 ’
355 1891 454 1974 Quia
476 1891 564 1958 dein
585 1891 771 1957 animalis
794 1889 881 1953 vite
899 1893 1120 1972 vegetativo
1142 1893 1325 1977 opposita

274 1993 554 2077 est··prooeesui
586 1994 645 2075 (ς.
666 2001 719 2070 48.
741 2014 779 2055 n·
792 2011 840 2074 .3.
853 1992 894 2076 ),
917 1995 1189 2075 reproduotiva
1213 2001 1327 2079 pote-

272 2107 350 2162 stas
375 2119 419 2161 ee
442 2093 625 2160 decrescit
641 2083 1016 2180 'proportionesque
1046 2099 1229 2161 animalis
1262 2119 1326 2162 ex·

271 2205 442 2293 plicatur
465 2199 643 2285 energia3
667 2201 757 2266 inde
779 2201 1000 2284 igiturest,
1026 2201 1126 2286 quod
1148 2201 1189 2266 in
1212 2220 1325 2286 orga-

270 2306 408 2380 nismis
422 2307 557 2390 minus
579 2301 758 2390 perfectis
780 2306 951 2370 maxima
962 2346 973 2381 ‚
991 2306 1033 2370 in
1052 2307 1211 2372 homine
1232 2327 1325 2370 vero

271 2408 438 2477 minima
460 2408 592 2494 vigeat
606 2407 886 2490 ¹reproductiva
902 2409 985 2482 vis..
1017 2409 1116 2474 Nota
1135 2415 1193 2482 est
1211 2411 1325 2494 plan-

272 2519 402 2582 tarum
432 2511 563 2577 facilis
593 2513 857 2596 regeneratio,
882 2532 977 2598 quae
1008 2514 1232 2581 cellulosam
1262 2519 1325 2578 te-

270 2619 350 2688 lam
373 2623 410 2683 et
428 2637 522 2682 vasa
543 2616 709 2697 spiralia
728 2617 770 2692 in
803 2619 938 2702 quavis
963 2625 1074 2702 parte
1097 2618 1325 2694 continent,

270 2727 407 2808 utpote
427 2721 574 2784 formas
608 2714 860 2787 elementares
892 2721 943 2803 (ς.
964 2721 1064 2804 77.),
1088 2721 1130 2793 in
1151 2741 1324 2805 gemmas

270 2827 354 2919 sine
372 2823 529 2908 negotio
554 2823 901 2891 transformandas.
945 2823 1069 2908 Major
1089 2823 1215 2889 adhuc
1242 2819 1345 2892 cer-'

270 2928 400 3012 nitur,
423 2931 468 2991 ut
490 2927 787 3012 Trembleyanis
818 2913 1026 3008 didicimus
1048 2929 1324 3012 experimentis

272 3027 358 3118 ἐξ),
381 3028 423 3092 in
442 3029 648 3114 zoophytis
678 3012 960 3110 reprodustio.=
981 3032 1136 3098 Etenim
1168 3029 1324 3118 Hydrae

274 3132 594 3222 quinquagesima
614 3152 702 3216 pars
728 3132 771 3202 in
791 3152 935 3196 novum
969 3134 1186 3215 explicetur
1216 3132 1324 3196 indi·

271 3236 456 3312 viduum3
477 3241 638 3316 possunt
657 3235 701 3300 hi
720 3234 869 3321 polypi
890 3233 931 3300 in
947 3236 1090 3318 plures
1121 3233 1323 3342 portiones

272 3340 394 3404 etiam
415 3336 759 3420 longitudinaliter
788 3336 938 3426 dividi,
963 3338 1056 3422 quin
1079 3336 1167 3407 ideo
1188 3357 1322 3422 repro·

273 3442 403 3509 ductio
427 3441 688 3526 impediatur,
711 3448 756 3506 ut
775 3441 819 3510 in'
840 3440 986 3524 plantis
1009 3462 1087 3516 esse
1118 3441 1239 3520 solet3
1261 3463 1324 3510 re-

273 3551 477 3630 generatur
499 3545 716 3622 abscissum
740 3544 894 3628 Hydrae
916 3550 1054 3628 caput„
1078 3549 1116 3622 et
1144 3543 1249 3609 istud
1278 3543 1323 3610 ln

200 3685 203 3694 .
271 3670 416 3716 novum
437 3651 618 3714 excrescit
637 3649 908 3726 individuum
922 3649 1215 3732 agglutinantur
1233 3668 1323 3731 pare

272 3762 329 3820 tes
351 3761 548 3836 separatae
571 3753 790 3827 celerrime,
814 3752 990 3837 nihilque
1020 3745 1069 3816 iis
1099 3759 1211 3818 nocet
1233 3772 1323 3816 zoo.

271 3857 433 3942 phytis,
455 3857 524 3920 ubi
563 3859 691 3920 totum
723 3849 935 3921 invertitur
968 3875 1127 3938 corpus,
1152 3855 1244 3920 adeo
1278 3861 1325 3922 ut

254 3962 391 4042 ‚facies
411 3965 569 4026 externa
585 3959 783 4024 internam
804 3953 1039 4026 constituat.'
1073 3961 1240 4026 Materia
1261 3959 1323 4024 vd-

274 4063 391 4137 ridis,
415 4084 510 4148 quas
546 4063 594 4126 ab
616 4064 817 4130 inventore
849 4065 1080 4130 PRIEsr'LEu
1110 4068 1148 4149 a)
1178 4083 1322 4132 nomen

274 4169 398 4253 gerit,
418 4173 462 4232 ut
481 4168 753 4234 IuourteHousz
772 4167 941 4232 advertit
961 4165 1010 4258 b)
1021 4214 1034 4248 ,
1057 4168 1202 4254 siccata
1222 4169 1322 4234 etin

274 4269 474 4358 pulverem
496 4269 684 4357 subtilem
703 4271 884 4362 subacta,
898 4289 985 4356 qum
1006 4291 1127 4362 aquae
1146 4271 1327 4358 injicitur..
