2920 4998
386 405 920 478 Hierorrsl’svsrosoerrr.
976 433 988 456 ·
1136 427 1193 504 77
1231 475 1241 487 .

231 557 275 648 7)
294 547 436 624 Eodem
456 559 629 640 tempore
652 561 690 620 et
713 553 898 624 circuitus*
924 557 1121 646 sanguinis
1149 563 1192 630 in

141 661 357 746 embryone
378 657 659 745 pervestigatus
680 657 780 724 suits
800 657 912 726 novit
934 659 1089 746 quidem
1113 663 1192 750 Ga·

141 779 259 832 tenus
290 764 479 830 foramen
504 761 615 842 ovele
653 765 692 826 et
721 762 920 830 valvulam
952 761 1062 846 ejus,
1094 785 1214 854 quaem

141 871 232 949 post
253 863 504 928 nativitatem
535 861 801 940 adhaerescit,
828 869 866 929 et
894 863 1100 950 descripsit
1129 888 1192 934 ar·
1209 875 1221 925 ’.

141 969 332 1034 teriosum
353 970 526 1036 canalem
548 965 599 1048 (ς.
627 985 678 1052 27.
699 987 736 1032 n.
760 969 1071 1057 10.);Fn1.cor1a
1100 992 1191 1040 vero

144 1073 319 1138 canalem
341 1073 444 1138 hunc
471 1073 618 1158 primus
646 1071 801 1138 uberius
834 1071 1059 1160 descripsit,
1082 1095 1194 1142 usum

141 1173 290 1262 tamen'
310 1176 387 1261 ejus
419 1177 520 1242 male
552 1177 776 1268 intellexit;
807 1177 996 1246 vesanus
1035 1180 1126 1248 dein
1154 1187 1194 1250 et

141 1281 294 1344 Annum
328 1295 389 1344 aas
420 1284 549 1364 partes
588 1279 758 1364 penitius
798 1279 1126 1367 investigarunt,
1151 1283 1193 1350 in

140 1383 308 1452 eundem
330 1403 416 1450 cum
436 1385 630 1450 Fastot’u
652 1385 865 1452 incidentes
889 1407 1077 1464 errorem,
1091 1383 1193 1476 quod

141 1489 400 1569 crediderint,
417 1489 645 1577 sanguinem
676 1486 805 1556 medio
837 1493 1018 1574 arteriosi
1043 1497 1191 1564 canalis

142 1617 190 1662 ex
218 1600 340 1661 aorta·
356 1597 398 1662 in
417 1595 618 1682 pulmones
641 1599 679 1658 et
699 1613 763 1660 cor
786 1583 935 1662 deduci:
978 1597 1093 1662 Leon.
1115 1599 1191 1664 Bos

143 1697 551 1782 aasenFallopiae
574 1697 797 1782 discipulus,
809 1697 1075 1776 inventionem
1087 1704 1193 1769 lorad

141 1799 264 1866 minis
286 1799 408 1865 ovalis
439 1803 476 1864 et
504 1797 685 1866 arteriosi
713 1799 860 1864 canalis
888 1799 965 1864 sibi
993 1799 1194 1896 vindicare

142 1902 389 1988 impudenter
409 1921 524 1968 ausus
547 1905 614 1967 est.
658 1899 846 1968 Vesanus
871 1903 1045 1968 canalem
1075 1925 1194 1974 veno·

143 2023 231 2072 eum
242 2045 252 2081 ,
266 2004 332 2090 qui
355 2025 373 2066 e
393 2022 491 2068 vena
508 2002 726 2068 umbiliceli
747 2005 790 2068 in
808 2023 948 2070 venam
969 2023 1102 2072 cavam
1126 2013 1196 2078 aut

143 2108 366 2192 hepaticam
388 2103 535 2181 tendit,
558 2104 724 2182 detexit,
747 2111 785 2170 st
808 2105 1011 2192 descripsit
1040 2113 1192 2180 Aulum

145 2213 321 2276 canalem
351 2208 564 2292 duplicem,
583 2227 703 2274 unum
732 2207 782 2274 ad
810 2229 949 2274 venam
969 2218 1193 2295 portarum,

144 2315 184 2380 et
205 2313 371 2378 alterum
394 2311 442 2376 ad
464 2329 603 2376 venam
633 2329 768 2376 cavam
797 2309 1043 2391 tendentem,
1065 2323 1195 2400 poste.

144 2417 249 2483 riore
280 2411 432 2513 nomini
459 2433 528 2478 suo
560 2411 768 2497 adscripto.
811 2410 1013 2478 Alternum
1047 2413 1194 2480 cerebri

143 2523 295 2586 motum
316 2518 385 2582 sub
409 2515 664 2601 respiratione
684 2518 870 2587 Vesanus
892 2515 1139 2594 observavit,
1152 2518 1194 2584 in

144 2645 190 2688 eo
219 2629 358 2688 tamen
393 2639 553 2698 errans,
589 2613 690 2708 ¹quod
721 2625 872 2686 motum
904 2635 991 2684 sum
1023 2641 1047 2686 a
1076 2619 1193 2690 durae

143 2725 338 2822 meningis
359 2725 540 2802 sinubus,
560 2743 652 2811 quos
675 2743 743 2810 pro
768 2721 924 2806 ¹arteriis
948 2723 1089 2790 habuit
1101 2761 1112 2806 ,
1132 2749 1194 2795 re.

143 2831 326 2918 petierit,
347 2823 584 2896 alieniores
607 2831 846 2900 oeconomo
868 2827 1070 2896 refutatus.

229 2991 271 3082 8)
287 2967 479 3081 ‘Vesorum
508 2969 847 3083 lymphaticqrum*
863 2989 1058 3076 cognitio,
1089 2975 1192 3086 cujus
1218 3073 1220 3080 Α

143 3091 313 3178 vestigia
333 3091 416 3178 ipse
435 3091 514 3175 iam
536 3087 711 3176 prodidit
732 3091 981 3158 Hssorsrros
1008 3091 1059 3182 (ς.
1080 3117 1131 3182 27.
1153 3124 1190 3169 n,

61 3275 63 3280 ,
141 3195 359 3285 a.),seculo
383 3187 458 3262 isto
478 3197 594 3280 paulo
615 3193 795 3260 uberiora
817 3196 1192 3282 accepitin'cremen-

145 3311 211 3394 tar
232 3287 414 3368 viderunt
433 3300 574 3388 quippe
595 3299 733 3366 Massa
764 3305 801 3366 et
825 3299 1017 3371 Factum
1036 3296 1203 3381 vascula

147 3431 167 3474 e
198 3426 334 3474 renum
361 3407 465 3471 vasis
498 3391 536 3469 et
570 3403 722 3490 hepatis
754 3405 958 3491 superficie
993 3419 1079 3477 orta
1097 3455 1108 3493 ,
1144 3420 1193 3486 ad

147 3509 481 3598 lymphaticorum
514 3527 630 3594 genus
663 3508 929 3592 pertinentia,
954 3517 1006 3578 ‚et
1046 3515 1193 3591 detexit

145 3617 391 3708 austacenis
418 3607 574 3679 ductum
594 3610 837 3677 thoracicum
859 3610 901 3676 in
923 3632 1032 3701 equo.

231 3777 276 3866 9)
295 3745 565 3868 Peritonaaum
588 3777 626 3838 et
653 3769 925 3858 ptoductiones
956 3776 1036 3863 ejus
1072 3783 1193 3854 Vsss.

143 3891 258 3956 tros,
280 3871 444 3948 S'vcvrus
457 3918 467 3955 ,
481 3875 679 3942 Conuersus
702 3883 743 3946 et
762 3877 973 3946 ursmarus
1005 3895 1192 3966 pervasti.

146 3989 323 4071 garuntt
355 3984 531 4046 errarunt
562 3981 694 4043 tamen
720 3979 883 4064 plurimi
915 3981 956 4048 in
986 4005 1059 4065 eo,
1091 3999 1191 4114 (puod

148 4079 409 4160 crediderint,
431 4083 605 4146 tunicam
632 4099 715 4146 eam
746 4079 794 4148 ad
826 4086 988 4152 annulos
1011 4089 1192 4178 inguina.

146 4183 205 4258 les
228 4187 432 4276 perforari.
474 4185 676 4251 valvulam
713 4185 844 4272 pylori
878 4195 915 4255 et
950 4197 1103 4266 cardina
1132 4209 1191 4274 fa-

146 4285 301 4356 bricam
320 4289 503 4388 Vesanus
531 4275 678 4374 primus
699 4284 776 4352 rite
797 4285 1013 4380 descripsit.
1056 4303 1195 4374 Fabri:
