2936 4998
269 435 333 516 nis
374 429 459 508 ιιι.
478 428 505 491 Ι.
527 425 617 490 car.
635 419 681 487 11.
700 421 760 484 De
773 419 902 485 trra!
915 418 1250 526 'connivemus
1328 405 1332 413 ’

341 578 366 632 1.
385 539 1337 648 li1guntaiiqui‚srimulipositire‚etnegatire,

375 666 468 729 alii.

352 839 429 916 Hoc
447 832 691 908 stimulorum
714 789 920 916 discrimen
940 821 1159 912 intelligere
1178 827 1231 906 sic
1243 849 1310 902 vo-

189 985 191 990 *
271 947 382 1024 lunt,
407 942 506 1028 qnod
530 939 760 1024 expansivae
776 937 896 1008 vires,
920 939 1054 1016 utpote
1077 935 1199 1020 quieti
1220 954 1309 1008 con-

270 1049 437 1130 tramae,
460 1052 609 1118 motum
629 1043 997 1128 plurimum-suscita
1027 1048 1079 1118 t„
1103 1049 1141 1106 et
1170 1043 1311 1108 incita·

272 1133 517 1226 mantinea,
540 1151 582 1212 in
605 1149 744 1232 quihus
774 1147 982 1229 expansiva
1001 1146 1199 1230 praevalet
1221 1148 1314 1223 vis,

214 1289 217 1295 ·
271 1250 613 1360 propositivis
637 1249 852 1353 generatim
873 1247 1114 1324 habeantur,
1136 1249 1307 1326 dumea,

225 1379 233 1392 ⁴
258 1376 368 1448 ¹quae
393 1355 633 1418 contractiva
653 1354 801 1437 pollent
821 1358 1013 1436 potestate
1026 1394 1035 1426 ‚
1049 1374 1072 1416 n
1086 1375 1105 1415 e
1114 1371 1138 1435 g
1149 1375 1171 1416 a
1181 1354 1219 1416 t
1209 1376 1223 1415 1
1235 1377 1259 1416 v
1270 1354 1311 1418 is

272 1455 576 1548 adnumerantur
595 1456 777 1531 stimulis.
822 1456 882 1520 Ita
900 1461 1012 1538 potus
1034 1460 1072 1518 et
1094 1455 1172 1519 cibi
1192 1464 1308 1542 atque

270 1536 503 1648 pharmaca,
528 1578 630 1644 quae
645 1557 992 1643 inflammabilibus
1014 1556 1232 1636 abundant,
1254 1561 1312 1624 ita

273 1662 397 1752 palor,
420 1662 508 1748 lux,
533 1663 763 1739 electricitas¹
793 1669 831 1726 et
862 1663 1094 1730 Galvanious
1125 1663 1305 1740 stimulus

259 1765 424 1852 ‘vulgari
447 1761 628 1848 opinione
649 1785 717 1848 pro
738 1763 919 1848 positivis
946 1765 1152 1840 habentur¹
1170 1765 1310 1830 incita·

270 1868 438 1950 mentis,
462 1887 548 1952 cum
568 1891 633 1944 ea,
652 1857 769 1954 ‘quae'
785 1868 973 1954 orygenio
994 1868 1216 1946 abundant,
1236 1870 1310 1932 fri-

272 1988 341 2054 gus
364 2010 375 2043 ,
398 1968 559 2034 luminis
592 1970 759 2058 deiectus
793 1978 831 2035 et
872 1971 1054 2054 negativa
1083 1971 1312 2038 electricitas

271 2067 458 2152 negativa
476 2091 554 2156 esse
572 2077 711 2153 putant
732 2072 921 2153 hactenus
938 2083 950 2148 ,'
970 2075 1015 2133 ut
1034 2072 1228 2155 energiam
1249 2073 1309 2141 vir

215 2167 219 2174 ’
272 2172 393 2260 talem
415 2169 646 2262 deprimant.
690 2177 814 2262 Quam
845 2180 973 2239 autem
998 2173 1119 2240 fallax
1147 2176 1314 2264 lraecsit

273 2276 427 2364 opinio,
450 2279 512 2340 vel
537 2279 628 2366 inde
649 2288 788 2364 patet,
812 2281 912 2367 quod
943 2281 1151 2365 organismi
1182 2283 1308 2364 perse-

273 2381 411 2447 stiores
433 2379 704 2470 differentibus
726 2384 919 2469 gaudeant
936 2384 1114 2466 partibus
1129 2389 1166 2446 et
1186 2390 1309 2468 syste-

270 2479 442 2576 matibns
455 2529 465 2562 ,
490 2506 587 2572 quae
605 2490 749 2554 formas
771 2493 809 2554 et
830 2488 1033 2564 mistiones
1070 2488 1229 2564 varias,
1252 2494 1311 2552 at·

271 2608 344 2674 que
373 2591 517 2684 virium
550 2591 868 2696 informationem
896 2589 1087 2656 divensem
1127 2591 1312 2676 exhibent

271 2690 324 2777 (§
343 2696 443 2780 58),
443 2690 566 2778 ¹unde
587 2688 738 2758 variam
759 2697 974 2766 necessario
994 2715 1084 2776 erga
1105 2718 1163 2760 res
1186 2704 1310 2761 exter-

271 2815 341 2860 nas
365 2775 507 2858 hahere
532 2795 672 2860 debent
694 2797 936 2862 relationem.
980 2798 1070 2861 Inde
1093 2799 1212 2881 igitur
1233 2797 1280 2862 fit
1300 2841 1312 2876 ‚

269 2903 314 2959 ut
336 2896 515 2960 stimulus
537 2900 663 2963 omnis
675 2901 880 2980 relativam
899 2906 1052 2964 tantum
1074 2903 1217 2966 habeat
1229 2903 1310 2967 vim

271 2991 421 3082 (§.7o.)=
436 3019 602 3083 namqne
622 3003 919 3068 incitamentum
941 3003 1056 3077 idem,
1070 3003 1170 3088 quod
1188 3011 1311 3088 syste-

270 3121 335 3166 ma
351 3120 555 3177 nervosum
566 3105 895 3190 positiveincitat,
907 3113 1075 3190 systema
1086 3127 1261 3176 vasorum
1276 3115 1314 3172 et

253 3267 255 3276 ,
271 3206 486 3270 mussulare
497 3209 691 3274 contraria
714 3208 875 3277 adficere
886 3215 1013 3292 potest
1024 3212 1175 3284 ratione
1187 3234 1197 3291 ;
1210 3213 1314 3282 idem

266 3307 459 3383 stimulus,
472 3310 535 3392 qui
558 3331 674 3378 unam
694 3312 862 3376 concitat
882 3311 1144 3391 functionem,
1167 3321 1211 3378 ut
1230 3317 1310 3389 freq

187 3405 194 3417 '
272 3402 656 3496 quenter'videmus,
679 3415 760 3478 alia
781 3411 967 3497 deprimit
998 3415 1137 3480 vitalia
1166 3416 1313 3483 officia.

354 3577 431 3638 Hac
448 3576 601 3662 ratione
622 3577 878 3666 intelligitur*
902 3597 1018 3662 quare
1041 3577 1222 3649 detractis
1243 3580 1315 3646 sti·

265 3676 393 3765 ¹mulis
407 3698 506 3758 ‚seu
528 3678 731 3762 negativa,
753 3663 798 3744 rit
819 3682 973 3770 Brenno
995 3679 1179 3766 (Aligem.
1201 3687 1312 3752 Anat.

272 3781 320 3845 ΙΙ.
344 3800 370 3846 1.
392 3783 435 3868 pf
449 3784 545 3866 306.)
569 3782 695 3856 dicit,
718 3783 972 3858 irritatione,
995 3805 1095 3867 nova
1130 3792 1314 3869 sequatur

264 3881 409 3958 'vitalis
429 3883 587 3948 reaetio.
630 3885 688 3947 Sic
719 3882 840 3968 frigus
873 3890 1101 3949 nocturnum
1131 3907 1150 3969 e
1178 3905 1313 3960 somno

273 4005 342 4048 nos
364 3986 508 4050 excitat
530 4027 553 4060 ,
551 3991 601 4054 et
629 3986 735 4072 sistit
763 3989 994 4078 fomentatio
1022 3961 1165 4073 frigida
1186 4030 1198 4064 ,
1219 4009 1316 4053 vasa

197 4149 201 4158 ,
274 4086 497 4164 sanguisera
516 4087 729 4196 irritando,
759 4089 1074 4175 haemorrhagiae
1105 4089 1317 4174 largiores3

275 4188 330 4254 sic
349 4208 469 4262 curru
482 4189 582 4254 vecti
603 4158 837 4263 excitamur,
859 4195 929 4258 ubi
950 4193 1037 4278 equi
1065 4193 1280 4266 consistunt
1300 4235 1315 4268 ,

277 4291 316 4376 pt
336 4291 636 4376 expergiscimur
659 4295 845 4374 tum2ubi
874 4301 1004 4362 suetus
1039 4293 1197 4382 quidam
1215 4292 1317 4360 desi-
