2920 4998
192 403 197 408 '
284 401 329 468 aa
443 481 445 486 Ι
700 388 961 456 lacessens..

192 605 195 626 ι
286 530 394 598 dium
414 539 588 604 nostrum
619 533 666 598 ad
696 525 922 598 humani’at
943 529 1027 595 vivi
1050 530 1221 615 corporis
1252 553 1325 600 na·

282 641 412 704 turam
439 637 494 703 sic
534 635 816 726 convertimus,
844 641 889 707 ut
913 635 1184 722 phaenomena
1218 638 1323 726 ejus,
1444 645 1445 704 l

279 738 400 825 leges,
423 739 556 806 causae'
585 748 624 806 et
645 740 797 808 effectus
828 759 1023 813 eruamus,
1052 739 1177 825 phys
1191 740 1205 806 i
1218 764 1238 806 ο
1252 743 1266 806 l
1279 764 1322 809 o·

278 839 639 936 giamhumani
661 840 886 929 corporis
908 838 1327 937 (medicinalem)-
1444 839 1445 922 l

280 943 548 1010 construimus.
1081 952 1087 967 ‘
1444 975 1445 982 κ

360 1117 369 1120 -
384 1077 603 1158 complectitur
616 1085 718 1160 itaque
734 1081 941 1163 physiologia,
959 1088 1068 1136 nostro
1083 1096 1174 1136 sensu
1199 1088 1320 1148 sumta,

349 1168 502 1227 doctrinas
518 1171 550 1228 in
573 1190 605 1228 se
629 1175 748 1247 plures,
768 1189 846 1248 quae
862 1171 899 1224 ab
921 1167 991 1224 eliis
1018 1185 1075 1242 pro
1092 1167 1244 1226 distinctis
1267 1170 1319 1224 ha·

345 1255 459 1316 bantur
476 1259 658 1337 disciplinis.
694 1263 776 1320 Talis
800 1272 845 1316 est
870 1259 1027 1338 doctrina,
1047 1274 1124 1331 quae
1149 1260 1230 1331 leges
1258 1270 1319 1315 tra·

325 1365 326 1368 ’
347 1353 409 1422 dit,
428 1351 537 1432 quibus
554 1351 714 1409 humanum
727 1371 836 1427 corpus
852 1359 995 1427 etpartes
1011 1351 1075 1421 ejus
1088 1361 1219 1408 structae
1235 1359 1317 1417 eunt,

275 1431 282 1442 ’
345 1453 380 1498 nt
403 1461 495 1520 acopo
520 1461 574 1499 suo
595 1454 626 1500 et
649 1443 701 1498 fini
722 1439 951 1513 respondeant,
978 1439 1228 1515 teleologia,
1247 1437 1317 1494 aliis

276 1547 309 1612 J
345 1550 417 1589 vero
444 1525 600 1592 theoria
626 1530 851 1588 anatomiae
885 1531 976 1586 dicta.
1013 1525 1317 1586 annuitur-..Dan-

343 1623 426 1680 WIN
437 1622 580 1690 scientiae
598 1633 732 1700 partem,
750 1610 810 1695 q'ua
824 1622 904 1692 leges
917 1632 1042 1677 naturae
1063 1619 1202 1676 animalis
1224 1635 1312 1690 expo·

341 1722 474 1777 nuntur,
492 1710 735 1767 coenomiam
763 1709 951 1784 compellare.
988 1709 1133 1783 Separor-e
1150 1707 1245 1782 aliqui
1268 1724 1317 1762 vo·
1348 1735 1356 1762 0
1444 1755 1445 1774 ἶ

341 1791 484 1865 luerunt,
503 1797 705 1871 dignissimam
727 1807 848 1852 noemae
867 1795 1010 1852 scientiae
1037 1806 1173 1871 partem,
1191 1791 1315 1850 naturae
1444 1787 1445 1840 l

340 1885 501 1961 universae
518 1885 611 1942 vitam
636 1887 759 1960 ejusque
780 1883 982 1960 phaenomena
1003 1892 1263 1958 perscrutantem,
1283 1890 1315 1937 et
1390 1919 1404 1952 c

341 1971 443 2030 dixere
463 1973 578 2030 biolo
592 1973 699 2046 giam.
736 1974 798 2028 Nec
822 1973 954 2046 separari
978 1989 996 2026 a
1020 1969 1207 2045 physiologia
1231 1967 1315 2044 peni<

341 2069 390 2115 tus
407 2072 532 2135 possunt
548 2061 816 2138 anthr-apolog
827 2061 837 2114 i
848 2078 879 2127 a,
898 2059 1082 2138 peculiarem
1101 2057 1229 2113 hominis
1246 2056 1313 2111 oha-

340 2159 506 2216 ractercm‚
526 2160 672 2224 quatenus
689 2148 714 2203 is
730 2166 747 2207 a
762 2148 910 2225 peculiari
927 2145 1037 2204 virium
1054 2161 1268 2221 corporearum
1282 2153 1315 2199 et

342 2235 709 2318 enimatarum'concentu
737 2239 868 2315 pendat,
886 2248 1094 2314 perscrutans,
1113 2249 1204 2314 atque
1228 2259 1312 2314 psy-

233 2339 237 2352 ·
343 2326 446 2383 chol
462 2329 523 2404 ogi
536 2347 575 2399 a,
594 2328 831 2392 intellectualem
853 2327 982 2388 hoininis
1005 2338 1142 2386 naturam
1168 2331 1312 2404 pervesti-

342 2431 426 2492 gans.

714 2599 744 2667 t·
795 2553 864 2663 u(

442 2739 821 2859 Physiologiae
852 2740 1123 2852 obiectum.

300 3000 304 3009 Ι
351 2913 460 2980 Vitae
480 2913 673 2980 humanae
696 2911 823 2978 ideam
843 2912 1050 2978 eruendam
1069 2933 1156 2979 cum
1185 2916 1306 2982 habe-

270 3023 312 3082 at
350 3018 599 3104 physiologia
634 3014 686 3104 (5.
719 3019 815 3105 13·),
842 3023 976 3102 suapte
1007 3024 1141 3100 paret,
1171 3041 1306 3108 corpus

267 3124 482 3191 humanum
502 3125 636 3188 vivum
659 3123 736 3206 ejus
758 3145 837 3188 esse
857 3122 1062 3207 objectum.
1095 3125 1195 3209 Quia
1214 3115 1304 3192 nero

268 3227 393 3296 vitain
416 3227 568 3312 ejusque
594 3228 695 3311 leges
719 3225 846 3292 debite
876 3227 1040 3292 scrutari
1062 3227 1105 3293 in
1134 3230 1302 3297 normali

267 3332 405 3394 saltem
436 3329 528 3394 licet
547 3335 673 3404 statu,
694 3330 963 3412 phaenomena
991 3330 1096 3394 vitae
1129 3332 1303 3416 integrae

268 3430 307 3520 (e
320 3434 463 3523 anae)
481 3433 767 3516 ,consideranda
786 3431 899 3498 nobis
918 3434 1122 3519 praecipue
1143 3441 1243 3500 sunt.

348 3575 431 3639 Non
451 3567 583 3639 tamen
608 3576 693 3640 eine
713 3573 920 3641 manifesto
944 3575 1207 3644 inscientiam
1237 3575 1304 3639 da-

264 3699 356 3746 mno
374 3676 624 3784 physiologia
640 3677 884 3745 medicinalis
906 3677 954 3742 ad
975 3680 1097 3744 solam
1118 3678 1302 3764 restringi

263 3791 391 3872 potest
431 3789 611 3850 naturam
652 3783 894 3858 humanam,
922 3782 1115 3869 siquidem
1146 3783 1304 3866 organi·

175 3879 185 3886 ”
264 3909 368 3954 emue
386 3871 681 3970 nosterpariem
707 3885 894 3952 duntaxat
916 3886 1126 3951 constituat
1148 3887 1302 3970 organi·

262 3993 338 4059 emi
360 3993 553 4069 universi,
569 4010 655 4056 cum
676 4010 749 4078 quo
774 3991 991 4056 arctissimo
1016 3989 1190 4074 jungitur
1211 3989 1319 4054 vin-⁸

264 4096 361 4160 culo.
403 4097 456 4160 Ex
477 4095 684 4182 anigitur,
704 4113 864 4181 cumque
896 4115 1031 4180 corpus
1052 4102 1227 4162 nostrum
1242 4091 1299 4160 ‘ad

222 4203 229 4212 '
262 4205 425 4266 naturae
446 4199 683 4283 subqtantias
702 4197 871 4265 diversas
891 4205 930 4264 ct
949 4199 1035 4282 ipsa
1053 4219 1203 4286 quoque
1221 4200 1298 4263 im·

261 4303 533 4389 ponderabilia
554 4303 704 4370 variam
733 4303 878 4370 habeat
903 4301 1155 4398 relationem,
1183 4305 1309 4422 ssffw·
