2950 5002
303 484 310 496 ¹
392 405 599 474 Hrsronrs
627 407 940 481 Parsrorooras.
1149 431 1192 507 33

143 543 333 633 (archiat.
345 543 511 630 Florent·
524 551 540 626 †
555 549 744 636 1698.)1]ο.
757 551 1053 640 Swammsspnam
1065 551 1187 640 (med.

140 649 382 729 Amstelod.†
398 651 524 738 1680.);
537 654 636 718 Sam.
651 655 827 722 Comus
843 657 1027 739 (archiat.
1039 663 1185 750 tingi),

139 749 209 842 qui
232 770 316 814 cum
338 753 403 817 Ed.
424 757 557 820 Trson
582 761 777 846 egregium
804 751 930 826 edidit
957 767 1185 832 anatomiae
1227 791 1234 802 ·

139 855 429 938 comparativae
449 865 630 944 systema.

182 1071 186 1080 ,
225 1025 264 1109 1)
287 1026 485 1094 Promovit
511 1029 584 1094 hac
611 1036 739 1096 aetate
759 1035 998 1100 anatomicas
1020 1041 1059 1101 et
1077 1038 1179 1127 phy·

125 1126 347 1214 ··siologicas
362 1133 601 1216 cognitiones
615 1137 957 1223 microscopiorum
967 1161 1066 1208 usus.
1081 1144 1180 1210 Len·

132 1235 241 1300 tibus
264 1235 506 1318 simplicibus
528 1239 635 1322 prius
657 1241 812 1324 quidem
834 1241 893 1306 usi
922 1241 1000 1324 jam
1021 1246 1180 1312 fuerunt

131 1343 295 1402 naturae
324 1345 586 1418 scrutatores,
618 1344 833 1427 composita
861 1349 992 1408 tamen
1034 1349 1176 1413 micro·

104 1441 265 1524 'scopia
300 1443 407 1506 eom.
438 1441 626 1508 orsum
657 1451 695 1508 a
722 1447 831 1510 zach.
862 1445 1011 1512 111111
1047 1451 1175 1533 primo
1220 1437 1224 1446 '

128 1541 271 1631 (1620.)
292 1554 490 1632 pararunt.
513 1551 685 1618 Marcell·
714 1543 929 1618 Mntriour
958 1551 1173 1638 (prof-'Bo-

129 1649 233 1734 logn·
254 1659 292 1714 et
311 1651 467 1716 Messin.
487 1654 504 1730 t
528 1654 641 1738 1694.)
673 1656 820 1736 primus
843 1662 946 1731 erat,
971 1656 1037 1740 qui
1069 1657 1184 1739 opti-1
1213 1649 1217 1658 ’

129 1769 195 1816 mo
219 1769 389 1817 successu
420 1757 647 1840 augentibus
670 1757 784 1822 vitris
823 1775 912 1821 usus
940 1763 1027 1833 est,
1061 1757 1171 1822 dece·

128 1859 216 1938 ptus
237 1861 370 1948 tamen
390 1857 530 1933 tuerat,
545 1857 734 1946 siquidem
755 1858 797 1922 in
818 1859 1066 1924 omniforme
1087 1881 1171 1924 cor·

127 1959 233 2042 poris
255 1965 364 2042 parte
392 1959 661 2042 glandulosam
687 1961 849 2026 vidisset
875 1962 1077 2027 fabricam.
1121 1965 1168 2028 E·-

127 2063 361 2128 mendarunt
391 2083 435 2128 ea
471 2063 577 2129 vitra
608 2063 703 2130 Rob.
740 2067 854 2128 Hoox
889 2065 1049 2156 (secret.
1091 2085 1169 2132 soc.

123 2163 241 2230 Lond.
261 2168 278 2245 †
299 2169 412 2254 1761.)
433 2171 470 2232 et
491 2165 569 2229 Nic.
589 2167 858 2232 Hnnrsomn
872 2163 993 2252 (prof.
1014 2170 1169 2235 Heidel·
1210 2235 1218 2244 ,

123 2273 274 2359 herg.†
311 2277 438 2356 1715.)
481 2267 778 2364 Ροήοοῐίοήρυε
819 2270 944 2336 adhuc
982 2271 1166 2338 utebatur

120 2375 234 2440 vitris
254 2377 341 2440 Ant.
363 2374 411 2437 ab
429 2375 734 2442 eruwrnrosr
765 2367 885 2455 (civis
908 2368 1122 2457 Delphinus
1145 2379 1164 2456 †

123 2477 261 2560 1713),
285 2473 388 2560 cujus
413 2474 700 2540 ohservationes
730 2471 937 2536 minimam
965 2481 1163 2544 merentur
1245 2538 1248 2547 ,
1356 2560 1361 2570 ,

120 2577 250 2642 fidem.
294 2575 506 2642 Maximam
535 2581 665 2641 autem
697 2573 992 2653 dexteritatem,
1013 2583 1097 2642 tum
1118 2577 1161 2645 in

118 2683 358 2750 fabricandis
391 2685 678 2768 microscopiis,
701 2687 785 2748 tum
814 2683 856 2748 in
883 2683 1066 2768 parandis
1097 2687 1158 2752 in-

117 2777 352 2875 jectionibus·
370 2789 600 2898 anatomicis
629 2791 682 2855 Jo.
704 2787 876 2858 Nathan..
895 2785 1159 2858 Iuntltaxtiflrt
1252 2799 1256 2808 '

117 2889 246 2976 (acad.
264 2893 422 2972 Beroit
445 2887 559 2979 1756.)
580 2891 772 2978 possedit,
796 2887 857 2953 cui
879 2890 999 2974 igitur
1020 2898 1156 2959 anatoe

113 2995 200 3061 mia
221 2995 403 3061 subtilior
423 2995 610 3081 plurimas
635 2993 747 3060 debet
770 2990 1024 3060 inventiones.

195 3171 335 3236 Eodem
364 3179 537 3257 tempore
567 3167 770 3256 reagsntia
799 3167 993 3246 chemica,
1017 3169 1170 3256 quibus.

115 3293 201 3338 ossa
235 3279 272 3340 et
299 3276 400 3341 aliae
432 3277 619 3341 animales
648 3281 777 3360 partes
804 3275 902 3340 solvi
933 3281 972 3340 et
1001 3273 1154 3358 diversa
1266 3269 1270 3274 ’

114 3377 266 3442 ratione
280 3379 545 3478 §pervestigari
568 3383 747 3463 possent,
770 3378 813 3442 in
845 3395 956 3443 usum
983 3375 1062 3458 iam
1083 3397 1150 3444 vo-

113 3485 258 3570 carunt·
277 3481 500 3546 anatomici.
575 3495 578 3504 ·

157 3716 159 3727 .
193 3654 428 3744 2)·Maximi
459 3657 647 3726 momenti
676 3651 872 3732 inventio,
896 3669 992 3742 quae
1020 3655 1148 3725 seculo

108 3762 338 3828 xvl1.facta
360 3767 439 3839 est,
459 3768 498 3827 et
517 3781 647 3828 veram
672 3760 847 3826 theoriae
869 3757 1040 3824 medicae
1061 3765 1148 3842 post

108 3887 148 3930 se
159 3864 282 3928 traxit
300 3864 638 3940 reformationem,
650 3884 673 3926 a
683 3863 769 3927 (iul.
780 3864 946 3926 Hnavnr
959 3857 1146 3948 (archiatt

107 3966 282 4032 Britann.
303 3967 449 4054 †1657.)
470 3967 575 4030 fecta
595 3969 661 4030 est.
685 3963 839 4030 Invenit
858 3961 962 4034 enim
984 3961 1145 4026 immor-

106 4069 201 4132 talis
220 4069 368 4148 hicxvir
392 4091 425 4134 a.
450 4069 540 4134 1661.
567 4063 1027 4147 verum-sanguinis
1050 4061 1145 4128 cir·

108 4169 302 4236 ruitum
322 4211 334 4247 ,
367 4175 405 4236 et
438 4169 656 4255 divulgavit
697 4167 963 4232 inventionem
1003 4171 1110 4229 suam
1129 4203 1141 4242 ,

102 4280 311 4362 postquam
340 4275 553 4341 innumeris
582 4275 660 4376 jam
694 4267 960 4340 confirmasset
990 4267 1141 4351 pericu·

921 4369 1020 4456 „rs
