2936 4998
346 401 452 464 Sscr.
475 396 504 458 Ι.
519 395 583 460 ‘Du
604 385 943 460 ussnonucrronr.
1117 409 1179 476 277

131 545 357 627 digeruntur
386 545 520 604 contra
547 538 641 602 haec
675 542 714 602 et
744 537 846 614 alia,
865 537 947 608 ubi,
964 510 1181 624 digestivae

130 649 305 712 valentes
323 650 413 710 sunt
433 645 548 709 vires.

212 806 355 872 Omnia
380 805 518 916 igitur
562 811 763 886 mutantur
806 775 912 869 intra
952 808 1178 892 organicum

128 934 290 998 corpus,
324 919 532 997 antequam
567 911 827 976 substantiam
868 912 946 990 eius
988 909 1199 992 subeant3·

129 1021 329 1102 deponunt
350 1014 572 1100 qualitates
579 1035 664 1102 suas
686 1014 866 1099 physicas
896 1021 934 1079 et
964 1014 1175 1094 chemicas;
1250 1005 1253 1016 ’
1286 1041 1289 1048 ’

128 1143 199 1188 nec
224 1123 288 1184 aiir
301 1158 312 1194 ,
335 1139 403 1182 neo
426 1137 527 1205 aqua
545 1117 709 1197 vitalem
740 1115 885 1182 evitare
908 1125 1069 1199 possunt
1099 1139 1179 1182 me-

126 1204 731 1306 tamorphosin3dissuuntur1n
755 1239 822 1282 sus
841 1220 1040 1304 principia
1062 1228 1100 1286 et
1124 1221 1181 1285 ita

111 1325 383 1410 coaptantur,
405 1328 449 1386 ut
464 1338 613 1388 novam
636 1321 854 1404 accipiant,
877 1322 1058 1406 organico
1093 1343 1179 1388 cor·

127 1430 218 1514 pori
241 1419 520 1512 hoinogeneam
542 1424 713 1489 indolem
736 1426 789 1510 ¹³).
834 1425 909 1490 Ubi
936 1431 1066 1488 autem
1095 1447 1180 1490 ma·
1264 1479 1267 1488 ,

127 1533 252 1601 terias
272 1531 493 1598 deferuntur
510 1529 553 1593 in
566 1549 701 1614 corpus
711 1571 722 1604 ,
736 1550 831 1608 quae
853 1528 1072 1595 adsimilari
1092 1532 1180 1594 nul-

130 1637 284 1700 latenus
302 1639 483 1718 possunt,
507 1633 539 1696 si
571 1633 698 1697 minus
729 1637 818 1696 sunt
843 1629 1087 1706 differentes,
1112 1652 1179 1716 per

129 1742 258 1804 varias
283 1737 536 1802 eliminantur
567 1737 674 1800 viasz
697 1736 751 1799 sic
782 1737 983 1811 moschus,
1006 1729 1178 1802 terebin-

127 1842 264 1916 thina,
288 1841 449 1916 allium,
483 1860 549 1903 esa
580 1837 729 1904 foetida
761 1843 831 1903 etc.
854 1841 1058 1904 materiem
1092 1859 1180 1924 per·

129 1944 379 2032 spirabilem,
403 1945 525 2007 faeces
549 1941 700 2006 alvinas
726 1947 763 2006 et
784 1943 938 2006 urinam
961 1964 1028 2007 suo
1050 1943 1179 2027 inqui·
1207 2013 1208 2018 η

127 2054 227 2114 nant
246 2037 462 2140 odore'3ita
482 2043 692 2108 mercurius
716 2065 802 2110 cum
822 2044 1071 2130 perspicabili
1096 2068 1179 2111 ma-

128 2150 227 2216 terie
248 2153 287 2212 et·
308 2148 398 2211 aliis
430 2147 659 2211 humoribus
696 2147 946 2221 eliminatur,
971 2155 1022 2244 ets
1036 2151 1182 2234 reperi·

131 2258 196 2317 tur
227 2248 347 2314 etiam
375 2248 418 2312 in
448 2251 634 2331 sanguine
665 2247 782 2332 inque
809 2248 1003 2332 periosteo
1036 2254 1181 2336 reguli·
1258 2321 1260 2330 ,

59 2353 63 2362 “
130 2375 226 2422 num
247 2352 287 2417 id
309 2353 511 2438 metallum
521 2351 614 2427 ,ubi
636 2356 867 2436 praeparata
888 2353 967 2433 ejus
988 2352 1100 2417 varia
1118 2355 1180 2418 in·
1237 2418 1240 2423 ,

130 2466 241 2523 terne
263 2458 517 2521 adsumuntur
539 2448 606 2520 siut
634 2457 715 2519 cuti
744 2456 978 2522 infricantur
1009 2461 1093 2546 **);
1116 2462 1183 2546 qui

131 2564 224 2628 dein
255 2563 296 2626 in
340 2564 450 2646 a'e're,
484 2559 725 2625 cadaverosis
765 2561 1077 2628 exhalationibus
1106 2564 1181 2629 im-

131 2671 376 2750 praegnato,
407 2664 577 2730 multum
608 2661 781 2748 degunt,
813 2666 984 2732 halitum
1014 2665 1182 2733 reddunt

130 2770 403 2868 oadaperosum
428 2774 465 2832 st
486 2766 601 2832 flatus
620 2768 770 2832 similes
791 2771 849 2858 a).
892 2771 1027 2838 Latere
1047 2775 1179 2836 tamen

132 2878 240 2940 intra
259 2891 394 2958 corpus
420 2879 488 2938 aut
508 2874 676 2939 transire
709 2873 810 2941 illud
836 2874 920 2939 sine
947 2895 1049 2940 noxa
1085 2875 1184 2941 talia
1284 2921 1286 2928 ,

130 2982 269 3046 saltem
291 2985 479 3063 possunt,
503 2999 599 3063 quse
618 2973 886 3041 indifferentia
917 2981 1040 3064 magis
1069 2987 1183 3057 sunt,

129 3087 174 3143 ut
207 3099 366 3153 aurum,
390 3086 614 3166 argentum,
645 3079 871 3162 plumbum,
904 3068 1054 3145 vitrum
1089 3087 1206 3160 etc.‚‚

132 3203 220 3246 cum
249 3185 393 3248 mutari
427 3185 474 3246 ab
508 3183 690 3267 organico
712 3177 878 3267 ¹corpore
905 3184 975 3248 uix
1007 3181 1181 3268 possint,

132 3305 257 3369 neque
280 3285 363 3368 ipsa
387 3284 607 3369 organismo
639 3283 783 3350 inferre
812 3287 1049 3362 mutationes
1071 3290 1179 3352 vale-

68 3379 70 3388 ’
133 3389 281 3476 anth).
310 3391 536 3455 Differentes
560 3395 689 3456 autem
708 3392 966 3468 substantiae,
992 3414 1088 3478 quae
1108 3417 1178 3481 po-

132 3497 254 3560 sitiva
282 3503 349 3561 aut
384 3498 551 3564 relativa
587 3503 748 3581 peccant
777 3499 967 3584 qualitate
995 3498 1047 3582 (t.
1068 3514 1119 3582 74.
1142 3522 1179 3565 n.

132 3604 209 3688 7·)‚
233 3602 390 3666 nocivas
413 3602 657 3686 organismo,
681 3608 724 3666 ut
756 3603 934 3688 contegis
965 3609 1002 3668 et
1032 3624 1183 3668 venena

132 3706 363 3786 perhibent,
387 3704 577 3770 inducunt
596 3706 846 3773 mutationes

238 3871 271 3938 θ)
289 3868 382 3924 Cibus
399 3867 536 3923 animalis
552 3863 660 3921 molius
676 3883 731 3921 nos
747 3866 844 3922 nutrit
860 3882 894 3922 ac
911 3865 1088 3937 vegetabilis
1115 3883 1179 3922 non
1236 3901 1239 3908 ·

203 3973 238 4014 οι
255 3953 292 4010 ds
309 3974 416 4020 causa,
436 3954 516 4029 quod
533 3964 635 4029 partes
646 3951 798 4010 contineat
815 3947 934 4010 facilius
952 3949 1176 4020 adsimilandss,

205 4053 235 4098 et
250 4043 421 4100 mixtionem
446 4043 554 4098 habeat
571 4041 659 4097 nobis
684 4040 837 4109 similem,
856 4059 960 4099 verum
989 4039 1076 4107 ideo,
1096 4039 1179 4115 qood

134 4135 138 4144 '
204 4133 334 4190 secessui
352 4132 384 4188 ln
400 4133 545 4188 elementa
564 4134 656 4204 magis
679 4133 796 4201 faveat,
816 4153 883 4192 oum
906 4121 1091 4238 vopetabiles
1112 4133 1180 4190 sub·

195 4224 328 4278 'stantiae
362 4222 561 4298 simpliciores
595 4221 845 4299 decompositioni
881 4223 977 4326 magis
1013 4224 1181 4308 resistant,

141 4337 145 4346 ·
205 4321 235 4374 ot
257 4307 396 4390 longiore
421 4323 555 4388 temporo
579 4312 753 4389 indigeant,
772 4322 807 4370 ut
830 4311 979 4386 concoqui
1002 4289 1131 4386 possint.
1145 4328 1181 4360 -ι
1241 4320 1246 4332 ’
