2920 4998
240 401 284 485 36
517 425 518 430 κ
663 388 881 454 manasses.

250 551 331 608 ctu
344 503 394 604 se
424 537 585 600 naturae
607 532 770 616 prodeat
791 519 901 610 sinu3
920 526 1133 595 maximam
1160 538 1294 598 tamen

249 637 633 729 disciplina'medica
653 637 754 702 inter
772 636 939 720 reliquas
974 635 1147 719 deposcit
1176 637 1292 700 insti-

173 781 178 791 ·
243 748 459 820 tutionem,
484 743 587 829 cujus
610 743 782 806 ambitus
804 762 871 826 per
894 759 1049 805 omnem
1072 741 1295 806 extenditur

245 861 440 926 naturam.
483 849 631 915 Nullibi
651 847 771 934 igitur
802 845 968 928 empiria
987 845 1094 911 rudis
1114 853 1181 910 sut
1208 865 1295 929 spe·

248 959 425 1034 culatis,
455 952 695 1039 experientia
734 956 772 1014 et
797 949 1031 1030 ,eruditione
1082 948 1293 1022 destituta,

247 1069 331 1128 tam
353 1080 431 1124 esse
462 1059 591 1142 potest
621 1054 826 1130 damnosa,
851 1069 966 1138 quam
987 1052 1029 1117 in
1051 1057 1135 1117 arte
1161 1057 1199 1118 et
1219 1051 1296 1116 sci·

252 1164 361 1230 entia
381 1160 543 1226 medica.

332 1318 586 1408 Physiologia
616 1315 823 1382 rationalis
848 1357 859 1393 ,
881 1334 976 1403 quae
1001 1314 1198 1418 principia
1229 1333 1299 1382 sua

251 1425 300 1491 ab
335 1422 548 1488 observatis
580 1425 618 1484 et
651 1419 891 1504 experientia
919 1438 1012 1482 vera
1042 1418 1231 1493 desumit,
1260 1422 1300 1481 et

250 1527 459 1598 ratiocinio
482 1526 720 1611 cognitiones
742 1544 828 1589 suas
842 1523 890 1588 ad
909 1523 1095 1600 scientiae
1115 1521 1301 1607 provehit

253 1633 489 1719 dignitatem
519 1631 571 1716 (ς.
596 1631 777 1716 17-20.),
798 1627 948 1711 insigni
979 1646 1087 1711 egere
1120 1645 1199 1690 non
1230 1645 1301 1708 po·

253 1743 330 1803 test
360 1734 601 1802 eruditione:
634 1731 778 1796 etenim
816 1730 892 1813 ipsi
930 1731 1092 1806 omnia„
1117 1749 1213 1816 quae
1250 1724 1302 1790 ad

256 1832 558 1922 cognoscendam
588 1836 769 1898 naturam
798 1830 1011 1896 humanam
1039 1831 1212 1909 faciunt,
1234 1834 1305 1899 ob·

158 1955 159 1960 ’
256 1959 410 2006 servare
429 1942 470 2008 ¹et
496 1933 662 2024 experiri
682 1954 760 2016 non
781 1953 1005 2018 possumus,
1025 1935 1218 2022 siquidem
1241 1938 1304 2002 in·

258 2046 378 2112 finita
398 2031 716 2107 observationum
741 2040 911 2122 varietas
935 2043 1017 2104 tam
1047 2041 1203 2125 longam
1236 2065 1301 2110 ex·

225 2151 394 2218 shibeat
428 2147 598 2222 seriem,
638 2166 733 2233 quae
769 2147 942 2214 hominis
978 2149 1091 2214 unius
1134 2157 1304 2216 aetatem

259 2255 428 2320 multum
450 2257 626 2336 superat.
670 2249 869 2316 Necessum
900 2252 1020 2364 igitur
1056 2257 1134 2328 est,
1163 2259 1206 2318 ut
1238 2236 1306 2330 ea,

260 2375 357 2444 quae
379 2355 474 2420 olim
487 2354 885 2421 observataetnostro
907 2351 1001 2418 aevo
1022 2353 1184 2420 inventa
1203 2361 1308 2434 sunt,

260 2458 450 2534 sciamus,
473 2477 516 2522 ac
548 2458 750 2543 opiniones
783 2462 821 2520 et
848 2457 1047 2534 theorias,
1069 2477 1163 2544 quae
1195 2478 1329 2542 prae··

260 2563 499 2648 viguerunt,
539 2559 732 2646 hodieque
771 2557 940 2640 vigent,
971 2549 1186 2624 noscamus.
1229 2563 1308 2629 Hac

263 2668 368 2736 enim
391 2665 614 2750 cognitione
635 2666 719 2729 sola
738 2665 781 2728 in
801 2672 883 2728 arte
905 2666 1138 2733 obseruandi
1151 2673 1211 2762 (t.
1234 2675 1307 2761 18.)

206 2821 210 2832 .
263 2773 412 2857 optime
443 2769 702 2832 informamur
725 2769 763 2829 et
792 2765 981 2848 judicium
1006 2775 1181 2838 nostrum
1202 2777 1309 2840 acui.

264 2879 349 2950 tur;
381 2869 549 2936 eruditio
580 2869 664 2934 sola
693 2868 889 2952 principia
919 2871 1031 2938 nobis
1062 2877 1310 2958 suppeditat,

266 2976 404 3063 quibus
426 2970 631 3036 scientiam
662 2977 970 3054 superstruemus
998 2981 1195 3052 nostram,
1213 2996 1311 3044 una·
1363 2965 1371 2974 ’

266 3097 339 3166 que
369 3077 501 3152 docet,
524 3075 691 3160 qualiter
713 3095 879 3156 errores,
910 3078 958 3141 ab
989 3078 1078 3144 aliis
1101 3079 1312 3160 admissos,

269 3181 416 3250 evitare
443 3177 659 3246 debeamus.

353 3341 469 3406 Caute
504 3343 660 3420 tamen',
689 3347 835 3410 etcum
867 3350 949 3411 arte
973 3345 1140 3434 quadam
1175 3348 1315 3416 critica

271 3445 630 3523 observationibus,
662 3445 911 3532 opinionibus
942 3455 980 3514 et
1007 3451 1221 3536 praeceptis
1256 3453 1318 3517 di-

269 3572 468 3619 versorum
488 3553 743 3636 scriptorum,
765 3570 927 3637 quorum
955 3572 1137 3619 numerus
1157 3555 1198 3620 in
1220 3556 1315 3620 infi-

269 3657 398 3722 nitum
428 3662 560 3721 anctus
591 3657 713 3721 ferme
749 3663 826 3734 est,
856 3657 917 3722 uti
944 3655 1147 3734 debemus,
1175 3679 1223 3724 ne
1250 3659 1316 3725 vei

271 3780 429 3846 operam
450 3761 491 3825 in
513 3781 663 3826 cassum
694 3758 985 3845 impendamus,
1011 3764 1074 3828 vel
1096 3771 1318 3830 commenta

270 3867 381 3934 varia
412 3873 451 3932 et
479 3867 712 3952 phantasiae
742 3868 845 3937 lusus
876 3885 946 3952 pro
970 3868 1071 3933 veris
1103 3869 1317 3936 habeamus

269 3971 607 4038 observationibus
635 3975 673 4034 et
702 3970 857 4036 theoria
884 3991 987 4037 vera·
1031 3971 1209 4038 Delectus
1239 3972 1316 4058 igi·

269 4063 333 4142 tui·
354 4075 552 4141 faciendus
584 4079 640 4138 est
670 4074 773 4139 inter
805 4074 1123 4162 observationum
1157 4082 1196 4142 et
1222 4077 1318 4142 scri·

268 4185 426 4262 ptorum
455 4179 724 4262 farraginem,
754 4181 878 4268 iisque
907 4184 1062 4246 tantum
1096 4181 1318 4250 auctoribus

268 4278 366 4354 fides
384 4280 611 4362 deferenda,
633 4283 699 4374 qui
722 4283 917 4354 communi
938 4283 1146 4369 opinione,
1166 4287 1318 4356 sincera
