2950 5002
296 369 356 489 ι74
421 447 425 454 -
476 379 479 384 ’
511 399 599 466 trs.
620 398 648 462 1.
667 398 727 462 Da
749 411 854 461 vrrs
874 403 1124 466 (ιιιιιιιιιιιι

292 565 380 614 rum
400 543 499 610 vires
523 543 647 634 multo
671 537 761 604 sunt
782 527 968 622 majores,
990 541 1114 608 vitam
1137 539 1339 612 individu-

293 671 357 716 am
378 647 603 734 protrahere
625 645 775 731 longius
805 644 960 721 valent,
984 664 1099 732 quam
1131 662 1336 735 compages

292 760 331 820 et
351 754 490 818 mixtio
513 769 616 848 secus
635 749 907 833 permitterent
914 751 1038 824 ,unda
1057 744 1234 836 protinus
1255 759 1341 824 σοι.

288 863 521 941 rumpuntur
538 857 741 940 pleraque,
766 853 834 917 ubi
857 852 1006 920 viribus
1037 858 1254 941 spoliantur
1274 861 1339 926 vi-

289 955 448 1023 talibus·
768 969 770 976 ¹

377 1099 437 1180 ιο)
461 1097 672 1162 Maximam
692 1105 822 1164 autem
844 1096 1108 1164 differentiam
1138 1101 1286 1183 ponlt'
1266 1123 1338 1166 ιιι-

291 1205 378 1270 dits
398 1203 500 1270 vivis
522 1201 747 1287 corporibus
767 1205 849 1283 vis,
874 1225 949 1292 qua
978 1227 1023 1270 ex
1045 1225 1085 1268 aa
1107 1197 1202 1306 ipsis
1225 1203 1339 1292 quasi

290 1310 543 1388 evolvuntur3
578 1305 723 1373 etenim
755 1309 983 1385 materiam,
1007 1326 1082 1392 qua
1107 1308 1338 1388 increscunt,

292 1415 340 1480 ab
373 1417 536 1477 externa
566 1409 724 1496 quidem
751 1411 945 1495 recipiunt
972 1416 1135 1487 natura,
1161 1433 1246 1477 eam
1275 1421 1338 1508 ta-

289 1513 381 1581 mari
400 1515 555 1600 penitus
587 1517 742 1578 mutant
778 1514 930 1598 sibique
962 1511 1212 1592 adsimilant,
1235 1518 1307 1581 et
1295 1539 1339 1584 ιιι

209 1686 212 1694 ,
280 1619 552 1686 substantiam
580 1619 781 1701 propriam
817 1617 1069 1692 convertunt,
1102 1618 1201 1683 unde
1230 1621 1340 1688 velut

288 1723 494 1788 interne
516 1720 836 1798 increscunt,
858 1719 949 1783 dum
981 1734 1143 1802 corpora
1163 1729 1338 1800 mortua,

248 1829 258 1892 .'
291 1833 335 1892 ut
355 1845 484 1890 sensus
513 1821 652 1887 saltem
670 1821 795 1887 nostri
817 1821 1046 1906 perhibent,
1068 1841 1135 1906 per
1167 1845 1338 1912 aggre-

292 1928 552 2018 gationem
582 1930 842 1993 externam
884 1925 988 1987 mole
1019 1923 1229 2010 augentur,
1250 1947 1338 2015 per·

290 2049 363 2118 que
385 2021 602 2110 simplicem
621 2029 778 2091 tantum
811 2026 1085 2098 attractionem
1117 2026 1169 2113 (ς.
1186 2032 1242 2116 a)
1274 2047 1337 2098 co·

199 2168 200 2178 ι
292 2133 533 2197 calescunt.⁸

306 2266 309 2272 ’
377 2274 438 2360 ιι)
466 2273 665 2336 Intereunt
694 2267 850 2358 quidem
882 2277 1018 2338 cuncta
1049 2291 1211 2361 corpora
1239 2271 1337 2340 vive

290 2386 335 2446 ut
352 2380 524 2450 mortua,
542 2373 687 2450 vivunt
706 2382 840 2444 tamen
860 2382 898 2440 et
917 2377 1159 2460 perennant
1148 2396 1190 2440 m
1210 2378 1338 2461 specie

263 2479 383 2578 'suas
405 2481 629 2595 propagant.
653 2479 795 2565 quippe
822 2500 949 2582 nova,
974 2481 1051 2547 slb'i
1080 2479 1230 2556 similia
1255 2500 1339 2549 cor·

290 2607 410 2674 pora,
434 2603 508 2670 quo
526 2582 672 2665 species
693 2583 851 2648 illorum
883 2573 969 2648 non
996 2583 1216 2670 interrupta
1246 2607 1338 2654 con·

289 2696 466 2760 servetur
497 2687 604 2752 serie
621 2723 663 2738 -
684 2689 818 2773 Excipi
842 2675 975 2752 tamen
1006 2691 1144 2756 debent
1180 2692 1338 2778 organi·

288 2792 365 2856 emi
388 2790 515 2854 minus
534 2788 700 2874 perfecti·
712 2787 948 2872 (infusoria,
962 2792 1169 2878 fungorum
1196 2792 1340 2878 species

288 2893 397 2979 etc),
421 2877 486 2978 qui
507 2890 821 2981 concurrentibus
843 2894 1145 2960 circumstantiis
1167 2895 1338 2965 externis

290 3015 360 3062 sua
379 3001 517 3080 sponte
537 2992 628 3080 (per
648 2995 892 3084 epigenesin)
912 2999 1022 3084 quasi
1044 2981 1269 3067 ¹nascuntun

378 3139 439 3228 ιι)
463 3139 718 3226 Distinguunt
745 3161 786 3204 se
807 3159 967 3224 corpora
990 3140 1081 3204 viva
1102 3161 1147 3204 ea
1169 3137 1335 3225 denique

288 3247 509 3327 potestates
531 3261 606 3328 qua
626 3243 669 3306 id
689 3240 890 3318 efficiunt,
908 3246 952 3306 ut
974 3243 1044 3306 sub
1067 3241 1253 3306 variabili
1274 3263 1334 3307 ιιι-ι

287 3363 378 3412 rum
399 3351 642 3409 externarum
660 3343 810 3408 influxu
833 3344 963 3407 eadem
986 3343 1205 3408 adsensum
1225 3344 1336 3408 exhi·

285 3449 408 3516 beant
427 3449 717 3531 phaenomenat
738 3447 796 3510 ita
813 3465 946 3530 corpus
969 3451 1140 3522 motum,
1162 3447 1254 3512 dum
1274 3447 1335 3512 vl·

287 3570 382 3619 vum
411 3559 497 3630 est,
526 3553 659 3616 eadem
688 3541 865 3615 movetur
897 3549 1090 3615 celeritate
1106 3551 1337 3636 ,qualiter-

289 3671 439 3744 cunque
467 3677 601 3721 causaa
629 3677 667 3719 se
685 3655 868 3726 ,habeant
896 3661 1057 3733 motuml
1069 3673 1154 3717 eum
1179 3673 1336 3738 promo·

232 3808 237 3821 .
289 3765 422 3826 ventes
457 3764 523 3822 aut
548 3755 813 3840 impedientes
840 3796 851 3830 ,
889 3754 1096 3820 dummodo
1120 3757 1204 3820 bae.
1235 3760 1334 3824 tales

288 3863 404 3942 sint,
433 3868 476 3927 ut
510 3861 558 3924 ab
587 3860 735 3924 innatis
774 3857 949 3941 superari
985 3858 1136 3940 possint
1170 3857 1336 3927 viribus.

290 3967 433 4034 Omnia
451 3966 577 4038 enim,
600 3982 695 4048 quae
716 3964 758 4026 in
775 3962 868 4027 viva
889 3966 1009 4044 agunt
1032 3981 1193 4050 corpora
1210 3969 1249 4026 et
1270 3963 1335 4028 de·

288 4075 436 4138 struere
456 4089 502 4132 ea
520 4065 768 4140 adnituntur,
781 4065 887 4129 intra
902 4064 1046 4127 limites
1069 4069 1189 4129 certos
1208 4064 1334 4132 vitam

288 4173 460 4260 ipsorum
481 4165 729 4248 conservant3
751 4169 865 4233 aliter
887 4190 976 4232 vero
1006 4175 1064 4233 est
1094 4171 1135 4234 in
1165 4173 1334 4240 mortuis

289 4274 533 4364 corporibus:
554 4273 816 4384 magneticum
838 4294 874 4340 v·
894 4289 928 4358 g·
948 4272 1093 4342 ferrum
1119 4276 1207 4343 a'e're
1236 4299 1334 4369 oxy·
