2936 4998
358 411 466 480 Sscr·
486 375 532 474 11'.
554 405 613 473 De
635 415 963 474 ssusremrsrl·
1140 425 1204 494 295

150 560 304 629 'cerebri
335 554 500 641 vestigio
540 552 588 616 ad
617 545 888 617 maturitatem
920 554 1044 618 ferme
1077 575 1206 623 excre-

154 671 266 734 scunt
286 663 361 742 ”).
385 657 570 724 Redienis
583 651 699 731 dein:
712 655 983 752 experimentis
1009 659 1206 738 innotuit,

154 770 415 843 testudinem,
439 763 499 826 cui
521 765 649 833 totum
672 758 845 826 demtum
871 768 954 830 erat
982 765 1205 843 cerebrum,

149 863 223 960 'per
244 893 308 937 sex
330 887 478 938 menses
498 863 642 929 vixisse
663 867 701 928 et
722 863 959 946 ambulasse3
982 867 1206 955 Bombyces,

153 975 350 1062 capitibus
382 969 584 1046 abscissis,
607 967 729 1032 etiam
760 987 885 1032 mares
920 970 1138 1038 admittunt
1168 979 1207 1038 et

154 1099 229 1146 ova
248 1080 400 1164 ponunt
420 1077 477 1161 a).

238 1233 538 1303 Gubernandam
559 1233 691 1318 itaque
711 1233 832 1299 habet
860 1238 1123 1322 vegetativam
1145 1241 1205 1305 vi-

154 1347 242 1408 tam
262 1340 444 1424 organica
469 1335 735 1412 sensibilitas,
755 1356 850 1424 quae
879 1357 900 1401 a
929 1339 1207 1407 sensiferorum

154 1457 363 1512 nervorum
402 1438 557 1524 energia
587 1438 765 1522 pluribus
799 1437 934 1504 differt
971 1444 1206 1510 rationibus.

152 1548 305 1614 Etenim
329 1543 504 1629 sejuncta
527 1539 741 1626 plurimum
763 1547 820 1606 est
841 1543 883 1608 in
904 1543 1077 1608 normali
1099 1551 1207 1612 statu

155 1673 178 1718 a
215 1634 389 1724 cerebro,
421 1648 627 1721 hactenus,
658 1651 702 1712 ut
735 1648 973 1714 mutationes
1004 1648 1083 1729 eius
1118 1671 1207 1715 con-

151 1755 357 1820 scientiam
382 1773 461 1816 non
483 1747 694 1831 adficient3
715 1757 888 1836 systema
918 1751 1007 1816 dein
1027 1753 1205 1839 ganglio-

151 1878 240 1923 rum
261 1856 474 1921 manifesto
497 1853 724 1919 destituitur
745 1859 900 1938 centr03
922 1853 1050 1923 efficit
1071 1877 1205 1936 unum,

155 1945 181 2026 e¹
205 1947 379 2044 pluribus
410 1958 627 2042 plexuum,
665 1976 870 2024 nervorum
903 1966 940 2026 et
972 1959 1206 2033 nodulorum

141 2061 539 2154 ¹concatenationibus
563 2066 804 2125 constantem
827 2062 1035 2143 circulum,
1059 2068 1208 2136 nullibi

146 2167 315 2236 ‘initium
344 2170 412 2228 aut
424 2163 553 2232 finem
584 2165 807 2228 habentem
851 2171 1041 2251 Operatur
1072 2173 1207 2236 eadem

151 2271 374 2360 vegetativa
404 2268 644 2334 sensibilitas
676 2269 986 2336 indesinenter
975 2295 1017 2337 1n
1050 2278 1206 2362 organis

150 2374 423 2464 respirationis
447 2379 483 2438 et
505 2357 694 2438 circuitus'
715 2375 941 2491 sanguinis,
972 2379 1135 2464 quiescit
1165 2382 1208 2446 in

155 2479 243 2546 aliis
277 2478 475 2563 partibus,
500 2463 617 2541 donec
641 2474 689 2539 ad
719 2476 781 2538 sui
813 2487 1049 2562 provocatur
1082 2485 1206 2550 actio·

152 2607 261 2660 nem,
283 2586 390 2649 utin
412 2581 568 2665 organis
595 2579 834 2646 advertimus
870 2581 1009 2669 digest'
999 2586 1086 2652 rvis.
1130 2589 1206 2654 De-

151 2689 269 2774 nique
308 2687 521 2772 periodicas
561 2683 682 2749 etiam
725 2685 917 2770 gubernat
956 2689 1204 2768 functiones,

153 2787 512 2878 quemadmodum
501 2811 542 2854 m
571 2787 678 2854 fluxu
709 2795 932 2872 menstruo,
955 2794 998 2858 in
1029 2789 1220 2886 gravidi·

151 2897 233 2960 tate
258 2902 296 2960 et
316 2902 431 2980 partu
453 2895 640 2960 videmus

165 3049 395 3137 Propria
416 3059 547 3118 autem
578 3053 856 3121 sensibilitatis
886 3061 1090 3143 organicae
1114 3066 1204 3132 fun·

152 3155 230 3222 'ctio
253 3157 295 3220 in
326 3173 368 3220 eo
401 3156 601 3231 consistit,
631 3161 675 3220 ut
705 3155 860 3240 organis
892 3161 999 3226 vitae
1027 3163 1204 3238 internae

149 3261 340 3328 biotieum
391 3241 556 3324 adducat
601 3247 912 3358 imponderabilis
934 3304 945 3340 ,
980 3265 1204 3357 viriumque

152 3365 312 3434 adsidue
354 3369 552 3430 conservet
590 3363 846 3432 differentiam
890 3375 929 3434 et
950 3369 1201 3451 tensionem,

151 3491 225 3560 quo
273 3471 619 3536 incitamentorum
633 3453 915 3556 receptivitas
958 3481 996 3540 et
1030 3483 1202 3559 potestas

149 3577 333 3662 reagendi
355 3575 405 3660 (ς.
427 3580 823 3666 71.)c0nssrventur.
859 3579 1040 3664 Largitur
1067 3583 1202 3670 itaque

147 3681 387 3748 sensibilitas
406 3679 501 3744 haec
520 3672 718 3765 qdibusvis
738 3679 915 3765 partibus
935 3685 1200 3767 reproductio·

127 3788 190 3852 'ni
212 3779 513 3852 inservientibus
539 3787 737 3852 internam
765 3779 1060 3870 repro'ductivae
1091 3813 1199 3856 ener-

148 3895 234 3978 giae
264 3871 610 3974 conditionem(§.
583 3896 743 3979 578),
776 3896 814 3956 et
843 3891 985 3956 tribuit
1013 3898 1199 3966 musculi,
1323 3926 1325 3934 .

149 3993 315 4061 internis
337 3992 702 4068 contractilitatem,
725 3996 918 4080 siquidem
945 3996 990 4062 hi
1011 4000 1197 4068 continuo

148 4099 414 4170 resolvuntur,
446 4096 558 4160 laesis
598 4116 748 4182 quoquo
780 4100 893 4164 modo
934 4099 1062 4165 nervis
1104 4105 1197 4171 suis.
1287 4166 1290 4177 ,

150 4200 485 4286 Quemadmodum
509 4201 692 4283 organica
725 4195 963 4269 sensibilitas
985 4204 1197 4291 singillati-

126 4325 216 4382 ,νειμ
262 4296 459 4398 gubernat
504 4303 799 4388 reproductivas
844 4307 1097 4386 functiones,
1137 4311 1197 4378 ita
