2950 5002
410 371 612 436 Hrsroars
634 371 940 444 Persroroorst·
1005 436 1030 458 ,Ι
1062 401 1064 406 ·
1131 403 1215 507 rer¹

147 531 289 598 ganon·
317 513 502 589 animae,
541 515 640 599 quod
680 518 925 601 spiritum
954 538 1191 601 nerveum

148 616 390 697 compellam
423 617 637 684 attrahitur
668 620 735 683 hic
768 644 812 687 ex
838 631 1129 714 atmosphaere,
1153 645 1193 708 et

146 719 360 788 secernitur
380 719 423 784 in
450 722 604 786 cerebro
627 728 665 787 et
686 723 727 786 in
752 723 976 815 nervis'per
1003 742 1190 822 arteriase
1301 749 1305 760 '

144 840 213 904 per
232 823 335 886 hunc
355 829 483 888 autem
507 825 713 914 spiritum,
739 831 806 913 qui
827 831 1077 922 insanguine
1097 841 1189 932 quo.

146 946 218 1012 que
245 921 406 990 diffusus
436 932 513 1003 est,
536 929 669 994 anima
702 933 785 1016 agit
812 934 854 998 in
886 956 1047 1024 corpus,
1072 947 1192 1034 inque

144 1033 386 1112 sanguinem·
430 1032 495 1094 Est
520 1045 610 1097 vero
643 1038 814 1118 organon
847 1043 1001 1109 animae
1022 1037 1211 1135 duplexe'
1262 1073 1267 1084 '

143 1131 419 1214 spiritale,
444 1131 544 1216 quod
566 1133 610 1220 in
633 1139 786 1220 organis
810 1161 988 1208 sensuum
1016 1155 1189 1233 superio..

142 1251 231 1300 rum
253 1231 418 1307 residet,
442 1239 556 1319 atque
589 1238 831 1316 animale,
856 1243 896 1306 in
923 1249 1096 1316 sensibus
1126 1256 1187 1320 in-

50 1375 55 1386 ·
141 1333 349 1398 serioribus
371 1340 409 1399 ot
437 1337 667 1417 phantasiae
696 1343 851 1426 organis
874 1349 1051 1423 existens.
1095 1361 1188 1422 Ani«

143 1457 209 1502 ma
236 1458 304 1520 per
342 1445 468 1504 totum
500 1461 633 1524 corpus
670 1445 881 1512 distributa
911 1458 991 1528 est,'
1012 1462 1049 1521 et
1088 1464 1191 1546 regit

140 1559 299 1615 omnes,
323 1543 447 1607 etiarn
475 1543 759 1613 involuntariae
794 1552 984 1636 actiones;
1006 1558 1188 1630 involun-

143 1643 269 1726 tariae
293 1645 462 1710 actiones
484 1647 722 1714 conscientia·
745 1671 823 1716 non
844 1652 1105 1730 destituuntur
1122 1653 1190 1752 pe.'

142 1747 271 1837 nitus,
294 1747 487 1831 siquidem
506 1750 752 1816 functionum
773 1756 956 1825 vitalium
979 1779 1185 1837 concentus

143 1869 296 1912 sensum
325 1857 444 1932 ponat
465 1871 710 1939 corporeum,
733 1861 938 1940 secundem
961 1871 1024 1933 vel
1052 1874 1189 1942 adver-⁴
1215 1881 1216 1888 ’
1239 1905 1241 1912 s

143 1971 227 2014 sam
250 1953 514 2018 valetudinem
535 1942 806 2040 nunciantem;
828 1964 934 2050 viget
954 1978 1082 2040 autern
1106 1999 1188 2046 cor·

141 2059 277 2135 poreus
301 2041 332 2118 is
357 2061 488 2120 sensus
512 2059 622 2140 omni¹
646 2061 752 2125 vitae
771 2069 967 2152 tempore,
989 2055 1071 2141 nisi
1088 2083 1190 2158 alia.¹

141 2171 230 2220 rum
260 2141 436 2221 idearum
466 2157 642 2225 claritate
673 2168 740 2227 aut
769 2185 901 2235 somno
933 2181 1189 2260 opprimatur.

144 2257 215 2324 Cor
244 2261 394 2326 nullum
423 2264 544 2328 habet
565 2266 606 2328 in
632 2287 748 2333 venas
781 2269 992 2355 influxum,
1016 2291 1053 2348 et
1074 2291 1186 2357 redu.

142 2363 243 2428 citur
264 2361 418 2448 sanguis
453 2385 520 2452 per
542 2385 603 2428 aas
636 2367 719 2433 solo
749 2371 902 2439 animae
926 2374 1076 2448 conatu.
1121 2394 1187 2457 se..

139 2465 325 2530 cretiones
346 2467 526 2532 accidunt
543 2449 611 2550 per
632 2491 864 2556 organorum
887 2485 1083 2568 propriam
1097 2514 1183 2562 sen.

143 2571 358 2644 sationem,
383 2575 457 2658 qua
471 2573 682 2655 particulas
704 2579 909 2650 attrahunt
930 2587 1009 2680 sibi
1026 2598 1184 2679 placen-

142 2662 222 2740 t'ese
254 2685 374 2758 omne!
399 2675 519 2760 igitur
558 2697 729 2762 organon
770 2683 973 2756 obscurum
1014 2705 1185 2780 possidet

141 2789 316 2866 sensum„
341 2779 663 2865 qui-appetentia
691 2792 757 2851 aut
784 2795 981 2884 aversione
1011 2811 1184 2882 naturali

144 2877 277 2947 semet
290 2875 532 2970 manifestat.
1177 2895 1181 2910 ‘

156 3093 158 3102 .
222 3046 265 3132 7)
279 3045 461 3130 Magnam
479 3022 632 3110 demum
650 3007 777 3116 movit
797 3055 1052 3138 attentionem
1072 3071 1182 3147 theo..

142 3150 225 3223 ria,
253 3165 367 3231 quam
388 3141 521 3211 Franc.
542 3151 721 3216 Gnssou
746 3152 867 3236 (med.
890 3165 1044 3258 ‚1⁴⁰nd·‚†
1067 3160 1181 3276 1677.)

139 3251 337 3334 prodidit,
351 3235 551 3336 'siquidem
570 3251 671 3314 Frid.
692 3255 958 3344 assensurus
991 3274 1083 3342 nuic
1105 3283 1181 3368 ipsi

140 3363 179 3422 st
198 3358 256 3422 Le
269 3355 317 3418 ib
330 3375 355 3416 n
368 3356 438 3422 its
451 3355 489 3418 ii
509 3355 711 3440 principiis
740 3377 852 3428 suum
882 3385 1183 3460 superstruxerit

138 3463 320 3547 systema.
363 3459 417 3522 En
449 3458 527 3546 eius
559 3463 784 3546 praecipuas
815 3470 1070 3549 adsertiones:
1097 3496 1181 3559 Ma..

139 3563 242 3627 ›se-,ia
261 3581 339 3626 non
361 3567 418 3624 est
439 3560 540 3626 iners
552 3569 709 3637 ‚verum
726 3565 898 3652 'possidet
920 3583 1180 3670 substantiam
1279 3589 1283 3596 ’
1363 3583 1366 3590 Δ

141 3667 360 3750 energicam
377 3706 388 3739 ,
430 3686 525 3751 quae
564 3667 762 3736 internum
810 3681 1013 3751 constituit
1053 3705 1179 3766 motu,

138 3770 400 3856 principium
424 3783 509 3833 cum
531 3776 661 3858 autem
681 3774 744 3876 id?
765 3781 865 3862 quod
891 3803 959 3850 sua
977 3801 1112 3873 sponte
1140 3807 1180 3869 et
1202 3801 1204 3808 ’

139 3897 208 3960 per
228 3873 327 3940 vires
356 3872 528 3935 internas
550 3879 745 3950 movetur,
765 3885 915 3961 motum
948 3887 1073 3972 ipsum
1092 3919 1179 3984 per.

142 3979 269 4062 cipere
295 3981 333 4040 et
355 3980 532 4059 appetere
562 3974 697 4056 debet,
718 3986 885 4048 materia
906 3997 1030 4062 omnis
1058 4011 1178 4075 senti.

141 4088 248 4146 entes
270 4085 308 4144 et
327 4085 549 4163 appetentes
577 4082 771 4163 possidere
793 4086 906 4156 debet
934 4098 1055 4186 vires3
1077 4108 1179 4182 un'de
1213 4143 1218 4158 ·

140 4185 203 4258 sui
230 4177 476 4250 existentiam
506 4184 631 4250 omnis
662 4189 781 4307 sentit
816 4200 999 4295 materia,
1028 4211 1181 4304 sibique,
