2936 4998
176 505 198 514 Η
272 445 339 512 ι9ι
382 415 697 492 materali.
719 417 779 482 De
802 429 946 480 seren.
966 431 1095 482 vrrsr
1117 435 1262 486 nanu.

739 560 770 643 l·
813 566 867 636 86.

420 847 422 854 y
465 753 829 826 sensibilitas
872 753 1133 838 organica.

295 1005 298 1010 ¹
356 926 438 992 Etsi
469 923 628 1008 plantae
666 925 704 983 et
742 922 996 1002 cryptogama
1036 937 1200 1000 corpora
1237 917 1327 984 sine

272 1032 380 1099 omni
400 1025 691 1108 sensibilitatis·
705 1020 854 1086 influxu
876 1027 1056 1103 vegetare
1087 1019 1322 1100 videantur,

266 1129 466 1218 ¹siquidem
485 1128 638 1192 nullum
661 1142 868 1187 nervorum
890 1121 933 1185 in
963 1121 1011 1184 iis
1038 1119 1165 1208 detegi
1195 1126 1323 1208 possit

269 1235 504 1318 vestigium3
534 1227 750 1314 organismi
779 1232 913 1291 tamen
949 1226 1198 1310 perfectiores
1229 1229 1321 1292 sun·

269 1319 416 1404 stiones
468 1333 759 1418 reproductivas
810 1349 880 1412 ope
931 1333 1208 1398 sensibilitatis
1253 1356 1317 1398 or·

271 1443 433 1526 ganicae
465 1439 671 1524 praecipue
707 1433 926 1520 perficiunt.
978 1433 1157 1500 Videmus
1195 1437 1321 1513 hinc,
1396 1457 1400 1464 ·

268 1546 515 1631 gangliorum
537 1551 709 1628 systema
726 1542 768 1604 in
788 1539 837 1603 iis
869 1539 950 1620 jam
975 1533 1105 1604 a'desse
1135 1539 1322 1606 animali-

270 1651 367 1729 bus,
390 1649 458 1714 ubi
480 1647 632 1710 nullum
652 1644 778 1708 adhuc
801 1644 910 1708 adest
937 1644 1083 1708 cerebri
1105 1645 1317 1730 vestigium

269 1753 321 1839 (ς.
341 1755 417 1844 43.)
431 1796 443 1830 ,
456 1761 504 1816 et
525 1751 716 1816 cernimus
733 1750 974 1838 vegetativos
995 1773 1132 1816 nervos
1163 1753 1321 1816 inversa

267 1862 385 1942 plane
406 1854 558 1924 ratione
580 1874 618 1917 se
641 1853 783 1915 habere
804 1871 889 1914 cum
906 1856 1191 1929 cerebralibus‚
1210 1855 1319 1934 adeo,

268 1968 315 2023 ut
331 1959 578 2045 gangliorum
598 1959 768 2051 systema
787 1955 908 2016 ferme
928 1975 1080 2039 semper
1094 1978 1137 2021 eo
1161 1958 1213 2022 sit
1232 1975 1319 2040 per·

176 2117 180 2124 .
266 2065 424 2152 factius,
448 2083 522 2148 quo
543 2057 735 2124 cerebrale
756 2059 885 2131 minus
907 2060 1105 2124 evolutum
1134 2062 1266 2126 fuerit.

345 2205 582 2312 'organicam
608 2224 709 2286 hanc
740 2223 1043 2286 sensibilitatem
1074 2227 1317 2309 vegetativas

268 2335 480 2423 gubernare
498 2327 718 2391 functiones
740 2326 802 2388 vel
824 2323 914 2387 inde
947 2325 1025 2410 jam
1060 2333 1189 2410 patet,
1215 2329 1317 2416 quod

268 2445 410 2506 tantus·
437 2433 539 2498 adsit
575 2429 684 2492 circa*
710 2447 855 2512 organa
886 2429 1177 2510 reproductivae
1209 2435 1315 2498 vitae

266 2555 475 2609 nervorum
499 2541 537 2598 et
564 2534 768 2616 plexuum,
793 2531 960 2615 gangliis
989 2535 1315 2618 interceptorum,

267 2647 498 2730 apparatus,
517 2654 629 2721 quem
650 2633 813 2697 inferius
832 2635 1008 2715 pluribus
1042 2635 1315 2703 describemus.

267 2749 346 2813 ld
336 2763 464 2828 rpsum
499 2731 734 2801 confirmant
766 2738 1031 2820 experimenta
1060 2742 1098 2802 et
1134 2741 1315 2805 observa-

167 2856 172 2867 '
266 2853 426 2922 tiones,
456 2845 498 2907 in
532 2837 635 2936 vivis
675 2837 910 2904 animalibus
950 2841 1154 2906 collectae.
1188 2844 1314 2928 ligeto

267 2955 374 3019 enim
393 2951 513 3015 fiervo
532 2963 656 3029 vago,
676 2929 771 3006 utt.
794 2945 831 3005 G·
862 2943 1052 3007 Burnum
1082 2944 1225 3009 dudum
1249 2969 1315 3009 ex·

265 3061 395 3143 pert'us
418 3057 497 3127 est,
517 3050 686 3114 vomitus
710 3067 801 3110 mox
829 3047 977 3119 oritur,
999 3051 1037 3110 et
1061 3067 1315 3132 corrumpuud

264 3171 329 3230 tur
361 3160 439 3225 cibi
466 3156 683 3223 ventriculo
716 3151 881 3236 ingesti3
906 3149 1134 3234 pathemata
1165 3155 1314 3228 animi,

264 3290 362 3356 quae
381 3265 435 3330 sic
458 3263 642 3346 opinante
662 3260 817 3322 Brcmr
849 3255 891 3343 ⁸)
912 3256 1157 3341 gangliorum
1186 3265 1313 3343 syste-

264 3400 330 3444 ma
360 3349 541 3461 primitus
575 3367 786 3443 adficiunt,
809 3366 935 3428 vitam
963 3368 1228 3450 vegetativam
1249 3391 1312 3434 su-

262 3483 348 3550 bito
377 3481 600 3591 frequenter
630 3472 806 3544 laedunt,
842 3474 880 3533 e't
911 3469 1175 3541 videbimus
1164 3493 1206 3536 ιιι
1228 3491 1313 3558 spe-

264 3586 358 3651 ciali
391 3578 638 3647 oeconomiae
677 3573 860 3637 animalis
893 3573 1222 3655 pertractatione,
1252 3595 1312 3638 re-

261 3665 509 3779 productivas
527 3681 746 3776 functiones
768 3676 916 3740 avitali
935 3677 1149 3760 plurimum
1171 3676 1313 3760 depen-

234 3786 239 3793 ’
264 3797 352 3858 dere
375 3788 647 3886 organicorum
666 3801 872 3847 nervorum
903 3780 1137 3846 conditione.
1181 3783 1312 3866 Quan-

263 3917 379 3986 quam
404 3879 587 3958 animalis
610 3889 698 3951 vita
728 3905 822 3947 cum
840 3884 1035 3968 organica.
1054 3885 1096 3948 in
1131 3886 1313 3952 arctissi-

262 4020 326 4064 mo
351 3995 401 4063 sit
433 4013 532 4058 nexu
565 3990 615 4074 (ς.
637 3991 736 4076 48η)
768 3977 944 4050 videmus
975 3994 1105 4068 tamen
1135 3989 1218 4052 sine
1252 4009 1313 4051 ce·

261 4099 395 4171 rebro‚
417 4095 586 4179 adeoque
606 4093 690 4156 sola
710 4109 811 4174 gergi
790 4089 955 4152 lior'um
978 4084 1175 4170 efficacia,
1199 4109 1313 4176 vege..

259 4203 431 4267 tativum
453 4197 631 4262 suscitari
652 4202 690 4258 et
714 4192 936 4257 continuari
957 4214 1188 4275 processum.
1232 4195 1310 4260 Do·

257 4309 345 4372 cent
366 4303 440 4368 boc
473 4302 600 4371 foetus
629 4295 826 4382 acephali,
850 4295 916 4379 qui
947 4295 1031 4361 sine
1055 4298 1167 4364 bmni
1195 4317 1311 4384 saepe
