2950 5002
307 401 311 409 ·
389 379 597 450 Hrsrours
625 381 939 462 reserassent·
1074 365 1079 378 '
1133 419 1190 484 131

145 523 351 606 gumenta
351 520 450 597 alia,
472 521 551 586 n'isi
583 521 630 586 ab
659 525 858 590 anatomia
877 536 914 599 et
943 531 1105 618 physica
1128 561 1189 602 re.

147 622 284 706 petita.
328 622 518 698 Debemus
547 630 688 694 autem
723 626 766 690 in
792 631 980 712 proximis
1014 643 1189 705 motuum

148 725 273 790 causis
312 725 553 801 subsistere,
586 727 778 814 siquidem
818 741 982 800 remotas
1026 740 1187 828 adsequi
1242 741 1245 748 ’

145 829 252 897 haud
286 837 521 913 possumus
514 828 777 898 wefficientias
830 826 937 902 Licet
974 841 1188 911 humanum

109 1014 111 1029 „
147 953 283 1017 corpus
322 932 527 996 machinae
564 933 737 1000 adinstar
767 946 965 1021 operetur,
989 947 1189 1031 omnisque
1220 1023 1227 1036 ..

145 1036 276 1100 actio
271 1033 358 1116 ejus
390 1015 438 1098 ad
469 1021 620 1112 motum
658 1038 808 1105 reduci
818 1043 963 1123 possit,
986 1065 1029 1108 ac
1058 1056 1189 1132 partes

144 1143 290 1206 mirum
328 1139 534 1208 ostendant
573 1159 713 1206 nexum
751 1148 789 1208 et
816 1146 945 1210 telem
975 1148 1188 1230 fabricam,

144 1262 244 1331 quae
267 1243 525 1307 determinato
555 1244 763 1334 respondet
788 1266 919 1330 scop03
942 1250 1023 1315 solo
1054 1259 1188 1324 tamen

139 1347 433 1412 mechanismo
446 1347 551 1411 vitae
585 1349 756 1440 actiones
786 1349 957 1436 intelligi
988 1376 1064 1420 non
1098 1376 1187 1443 pos·

145 1457 257 1529 sunt,
279 1453 379 1516 unde
399 1453 642 1536 principium
658 1431 814 1541 aliquod
836 1461 1005 1524 activum
1021 1465 1188 1556 supponi
1223 1493 1228 1499 ·

143 1555 269 1620 debet.¹
311 1554 353 1618 ld
375 1575 464 1620 vero
484 1556 721 1639 principium
742 1577 819 1624 non
838 1558 1016 1645 operatur
1036 1572 1080 1630 ut
1101 1569 1187 1631 ani-

143 1677 210 1722 ma
228 1657 346 1722 stan
359 1656 423 1720 lii
445 1677 489 1720 ex
508 1659 707 1741 proposito
731 1665 770 1724 et
795 1661 1096 1748 deliberatione,
1120 1667 1186 1736 sed

143 1759 193 1825 ad
214 1761 315 1844 leges
337 1756 613 1844 determinatas
645 1767 682 1826 et
711 1761 1002 1848 immutabilee3
1020 1770 1095 1836 hae
1116 1793 1185 1836 au-

142 1869 221 1928 tem
254 1861 375 1946 leges,
399 1849 494 1948 quae
523 1863 606 1930 erui
633 1862 761 1959 primo
796 1863 958 1948 debant,
984 1878 1074 1937 eunt
1104 1893 1184 1940 me·

146 1969 344 2034 chanicae·
1056 1999 1059 2006 ’

225 2133 315 2198 Vita
342 2129 523 2197 consistit
552 2131 595 2197 in
622 2135 806 2217 perpetuo
839 2133 964 2200 cordis
986 2141 1024 2202 et
1045 2141 1184 2206 arteri-

141 2255 253 2302 arum
271 2239 401 2310 motu,
432 2253 505 2318 quo
534 2233 732 2316 mistionis
761 2244 933 2302 servatur
958 2232 1184 2328 integritas,

134 2365 219 2408 non
247 2327 387 2405 vivunt
415 2339 534 2424 igitur
563 2339 740 2422 plantae,
760 2347 895 2426 utpote
926 2343 1036 2409 corde
1065 2347 1183 2414 desti-

135 2421 257 2510 tutae.
299 2439 470 2505 Incitans
499 2445 674 2504 motuum
705 2459 819 2506 causa
852 2443 894 2506 in
928 2444 1181 2540 humoribus,

133 2548 341 2636 praecipue
362 2565 451 2611 vero
484 2543 526 2610 in
548 2545 754 2630 sanguine,
775 2545 916 2630 spiritu
939 2568 1078 2614 nerveo
1103 2551 1180 2616 im-

137 2656 375 2736 praegnato,
404 2643 533 2733 posita
563 2655 641 2729 est3
667 2649 838 2715 extendit
869 2647 1026 2736 sanguis
1056 2655 1181 2719 nimia

136 2775 206 2820 sua
225 2751 456 2817 elasticitate
475 2749 654 2816 vasorum
682 2751 800 2819 fibras
811 2795 821 2828 ,
837 2753 945 2817 unde
968 2747 1179 2823 contractio

137 2857 249 2939 sequi
269 2855 480 2920 necessario
509 2856 633 2920 debet.
678 2857 1009 2940 Quemadmodum
1040 2861 1178 2926 circui·

136 2972 198 3030 tus
233 2950 431 3046 sanguinis
458 2979 611 3024 causam
640 2961 843 3052 constituit
872 2961 1032 3040 caloris,
1051 2967 1178 3030 nutri·
1248 2969 1249 2976 ’

133 3066 255 3134 tionis
278 3072 316 3129 et
341 3063 515 3135 omnium
539 3064 735 3129 actionum
754 3063 958 3150 vitalium,
973 3067 1031 3131 ita
1047 3076 1084 3134 et
1102 3074 1178 3135 mi·
1204 3145 1206 3150 s

135 3169 212 3236 etio
233 3168 439 3231 humorum
465 3185 488 3228 a
515 3165 728 3230 solidorum
751 3163 955 3252 praecipue
986 3167 1177 3251 dependet

131 3279 255 3340 motu.
296 3272 369 3340 Res
393 3253 715 3362 esternaemulto
734 3269 864 3335 minus
896 3277 1015 3354 agunt
1042 3275 1083 3336 in
1101 3278 1174 3340 hu·
1220 3351 1226 3365 ι

134 3395 281 3450 mores,
304 3393 418 3461 quam
447 3373 490 3438 in
528 3377 656 3457 partes
691 3371 856 3448 solidas,
885 3371 1004 3441 fluido
1033 3398 1174 3446 nerveo
1230 3395 1233 3402 ’

131 3478 379 3548 inundates·
821 3501 823 3508 ’

214 3643 346 3708 Refert
360 3637 625 3703 Horsnsrrns
653 3635 701 3701 ad
730 3640 858 3702 motus
879 3638 1086 3722 primarios
1108 3661 1172 3732 sy.

126 3745 254 3811 stolen
277 3750 314 3808 et
348 3741 538 3807 diastolen
570 3741 795 3824 meningum
827 3743 1033 3806 secundum
1061 3743 1171 3811 Pao-

132 3847 337 3912 chionii
365 3851 403 3910 et
431 3843 639 3928 Baglivi
660 3840 824 3925 (laren.
836 3843 896 3928 5.)
912 3846 1170 3932 hypothesim

127 3956 243 4036 putat
270 3949 319 4014 iis
351 3947 521 4013 motibus
544 3940 707 4026 fluidum
738 3967 921 4011 nerveum
948 3968 1016 4032 per
1038 3947 1170 4035 corpo&

102 4064 105 4072 ’
128 4051 184 4117 ris
204 4057 333 4140 partes
365 4047 554 4134 propelli,
577 4054 615 4111 et
645 4047 777 4123 docet,
800 4055 926 4113 motus
957 4047 1107 4114 eosdem
1128 4053 1170 4116 in

108 4150 323 4220 ‚medullae
349 4153 513 4236 splnalis
542 4152 684 4216 tunicis
715 4154 1086 4237 quoqueobtinere,
1110 4163 1169 4221 at·
1266 4220 1270 4227 ,

126 4265 200 4347 que
221 4255 415 4324 intestinis
448 4257 569 4322 etiam
599 4257 908 4354 communicari..
930 4257 1085 4340 Repetit
1110 4283 1168 4324 se·

886 4393 892 4396 -
988 4363 1047 4431 Η
