2936 4998
1023 171 1036 224 s

149 283 159 331 s
408 307 411 316 .
1072 275 1075 284 ,

220 375 222 385 '
278 389 346 459 ate
385 375 473 464 Lus·
490 372 519 442 1.
540 372 628 438 css.
649 367 766 437 Ilm
785 383 916 435 vrme
939 372 1274 466 connsrsorrsnuse.

706 518 817 582 seer.
836 518 900 588 111.
1274 465 1316 568 *Ι

627 701 682 760 nn
700 668 994 800 mcniueuue.
1060 667 1063 674 ’

751 898 781 968 s·
827 859 898 976 ⁶9?

1168 1044 1172 1074 l

284 1091 750 1176 {incitamentum-m
773 1095 1052 1160 necessitas
1076 1099 1122 1158 et
1143 1099 1338 1160 natura·

180 1260 195 1303 V
295 1285 298 1292 ⁴
363 1255 527 1324 'Nullum
558 1257 694 1322 existit
719 1257 761 1322 in
792 1257 971 1322 universo
1006 1275 1165 1342 eorpus,
1188 1257 1287 1345 quod
1313 1279 1338 1322 e

287 1360 441 1444 reliqua
458 1359 614 1442 penitus
636 1360 850 1444 sejunctum
874 1364 969 1422 esset
991 1365 1151 1436 nature,
1173 1360 1254 1424 imo
1277 1375 1338 1424 rea

288 1449 459 1550 quiritur
478 1484 594 1527 nexus
615 1464 772 1550 quidam
796 1468 833 1526 et
856 1463 1004 1526 virium
1025 1463 1164 1526 relatio
1195 1463 1243 1531 ad
1268 1461 1336 1540 id,

226 1595 241 1613 ··
286 1573 332 1632 ut
352 1565 557 1631 individua
578 1569 794 1631 coalescant
819 1572 857 1630 et
879 1571 1079 1632 serventur
1103 1585 1264 1650 corpora
1285 1565 1338 1648 (ς.

287 1671 358 1755 4.).
400 1667 709 1733 Phaenerobiota
747 1675 876 1732 autem
921 1687 1080 1752 corpora
1122 1667 1338 1732 maximam

288 1770 437 1836 habent
459 1771 506 1835 ob
529 1773 716 1835 materiae
735 1770 967 1835 varietatem
993 1769 1044 1856 (ς.
1064 1773 1141 1854 38.)
1166 1789 1256 1854 erga
1278 1792 1339 1836 res

292 1878 471 1938 externae
501 1875 754 1952 relationem,
778 1881 907 1960 estque
936 1873 985 1938 iis
1014 1879 1194 1956 externae
1222 1878 1341 1938 natu·

289 1981 356 2046 rae'
377 1977 565 2061 impulsus
584 1983 696 2042 tanto
719 1979 843 2063 magis
872 1977 1131 2053 necessarius,
1155 1995 1230 2063 quo
1253 1995 1339 2041 ma-

290 2080 370 2164 jore
402 2091 495 2162 oput
526 2083 583 2144 est
614 2076 770 2164 vigore,
805 2085 848 2144 et
868 2079 1114 2144 functionum
1147 2076 1339 2144 varietate

291 2177 343 2264 (ς.
364 2179 461 2268 67.),
484 2187 528 2249 ut
553 2185 735 2244 naturam
765 2201 992 2248 conservare
1019 2181 1178 2264 possint·
1191 2178 1339 2244 indivi-

290 2280 420 2346 duam·
450 2283 729 2366 Comprobatur
750 2275 879 2348 sutem
899 2284 1244 2347 incitamentorum
1266 2302 1337 2365 pro

290 2383 374 2452 vita
392 2387 595 2451 necessitas
616 2388 855 2469 experientis
878 2387 1135 2472 quotidianas
1159 2385 1226 2450 ovi
1255 2387 1339 2452 foe·

291 2485 410 2554 cundi
429 2481 514 2554 vita*
532 2487 682 2552 tamdiu
706 2490 822 2567 latet,
845 2489 964 2555 donec
988 2488 1114 2552 calore
1137 2485 1339 2551 sufficien-

291 2597 329 2654 te
350 2591 586 2654 concitatum
613 2593 852 2672 excluditur3
874 2593 1027 2656 semina
1053 2589 1336 2676 vegetabilium

293 2693 486 2758 occultam
528 2672 668 2782 =vivunt:
709 2694 834 2760 vitam
856 2705 879 2770 ,‘
903 2686 1098 2780 quousque
1132 2691 1338 2769 humoris,

293 2795 391 2860 eiiris
415 2801 452 2858 et
474 2795 612 2862 caloris
634 2797 889 2862 incitamento
912 2799 954 2865 in
977 2797 1099 2862 vitam
1121 2815 1338 2880 provocen-

269 2891 357 2972 tur
379 2896 652 2978 manifestam
673 2907 802 2981 partes
823 2900 1011 2984 genitales
1033 2907 1186 2984 praeter
1204 2909 1338 2982 repro-¹

293 3002 512 3068 ductionem
529 3003 639 3084 nulla
656 3004 826 3087 produnt
837 3005 1013 3090 energiae
1025 3004 1205 3088 propriae
1216 3003 1338 3087 phae-

292 3126 483 3180 nomena,
514 3111 721 3192 antequam
752 3108 914 3174 humore
946 3109 1144 3193 geniturae
1173 3109 1338 3192 irrigen-

292 3213 377 3284 tur,
400 3213 439 3272 et
467 3205 616 3273 deletur
646 3209 779 3274 eadem
803 3195 979 3297 eneigia,
1001 3213 1069 3276 ubi
1098 3228 1232 3274 eorum
1262 3211 1336 3274 hu·

246 3339 247 3346 ¹
292 3334 445 3378 morum
466 3314 553 3379 fons
577 3318 739 3398 arescit3
762 3337 954 3382 mammae
976 3318 1017 3381 in
1049 3321 1154 3382 statu
1173 3314 1336 3401 gravido

293 3417 353 3484 lac
381 3436 579 3484 secernere
617 3419 835 3504 incipiunt,
858 3427 896 3485 et
925 3419 1095 3484 fundunt
1124 3417 1336 3484 nutritium

291 3521 498 3591 humorem
519 3544 703 3610 eousque,
728 3525 845 3588 donec
865 3529 1063 3610 suguntur.
1107 3523 1144 3586 si
1165 3519 1253 3586 dein
1274 3541 1339 3586 or·

293 3628 489 3712 ganismos
511 3628 792 3696 consideremus
812 3630 981 3714 integros
1003 3633 1041 3694 et
1066 3627 1337 3710 perfectiores,

294 3731 404 3812 veria
429 3732 606 3814 videmus
626 3734 776 3820 requiri
802 3734 1079 3809 incitamenta,
1102 3740 1146 3798 ut
1175 3733 1262 3797 vite
1284 3729 1341 3796 sit

277 3822 492 3919 ¹possibilis
504 3876 517 3912 ,
538 3843 773 3924 pereuntque
800 3841 933 3906 omnia
957 3846 995 3904 et
1012 3838 1175 3904 redeunt
1196 3837 1243 3906 ad
1268 3855 1339 3898 ns·

296 3939 423 4000 turam
447 3939 693 4015 universam,
712 3943 780 4008 ubi
803 3943 965 4026 caloris,
988 3942 1087 4006 airis
1117 3947 1155 4004 et
1182 3937 1339 4021 sangui-

295 4037 356 4104 nis
380 4039 632 4104 incitamento
652 4057 721 4126 per
741 4045 919 4129 exiguum
935 4048 1066 4108 carent
1086 4045 1342 4105 momentum·
1458 4113 1459 4128 χ

298 4139 548 4204 constituunt
571 4141 689 4223 igitur
712 4146 966 4211 incitamenta
989 4149 1169 4208 extern
1184 4162 1255 4206 am
1277 4139 1339 4204 vi-

298 4244 362 4319 i²0
382 4240 665 4322 conditionem,
686 4247 770 4314 sins
788 4269 863 4342 que
889 4247 973 4316 vita
1001 4245 1202 4332 possibilis
1232 4241 1336 4308 hauc

966 4511 973 4540 Ι
