2950 5002
315 373 373 422 uo
740 353 962 423 Inossssus.
1065 393 1074 407 ι

310 498 389 564 sale
421 493 588 558 aloalino
610 497 649 556 et
668 485 753 559 oleo
782 496 939 560 volatili
966 497 1159 581 abundat,
1182 506 1350 577 miscen-

310 601 395 676 tur,
414 595 664 662 fermentatio
695 595 858 675 accidit,
890 620 966 687 qua
994 613 1350 688 gasaevolvuntur

195 773 199 780 ,
308 703 456 776 activa,
470 699 724 808 digestionpm
742 699 987 785 adjuvantia;
999 709 1122 775 oritur
1142 713 1233 779 hinc
1253 718 1350 803 chy-

126 837 130 845 ·
237 859 240 868 ,
307 805 386 880 lus,
410 803 476 904 qui
497 802 655 866 volatili
673 801 947 870 alimentorum
964 809 1125 890 spiritu,
1151 817 1233 882 oleo
1258 822 1350 886 suh-

275 916 277 926 '
306 909 372 974 tili
395 903 637 979 combinatae,
661 911 699 969 et
723 907 867 972 salibus
898 903 1102 991 alselinis,
1123 917 1243 984 debili
1265 921 1348 986 aci·

305 1012 352 1076 do
374 997 579 1082 saturatis,
601 1000 761 1072 constat.
804 1009 1005 1078 Perficitur
1025 994 1180 1102 sanguis
1204 1021 1246 1087 in
1273 1023 1347 1086 lie.

304 1133 378 1190 ne,
401 1111 471 1177 ubi
499 1109 672 1193 copiosos
711 1110 852 1193 accipit
880 1113 1020 1180 vitales
1053 1119 1225 1212 spiritus.
1269 1126 1347 1191 De·

302 1219 428 1283 fertur
447 1207 544 1278 bilis
563 1232 648 1277 cum
669 1214 869 1297 sanguinis
896 1217 1059 1302 lympha
1089 1223 1138 1292 ad
1165 1245 1249 1302 cor,
1273 1229 1345 1293 ubi

157 1313 167 1330 '
292 1311 644 1386 dementationem
675 1319 837 1381 vitalem
866 1323 1039 1387 suscitat.
1069 1329 1242 1413 ,Sanguis
1274 1353 1346 1415 pa.

305 1430 413 1490 ratur
443 1427 480 1485 et
506 1424 683 1483 movetur
711 1419 755 1483 in
784 1420 969 1487 oiroulum
1001 1396 1346 1510 per'dffervesoen·

303 1531 402 1595 tiam
423 1526 597 1592 volatilis
621 1532 659 1590 et
678 1526 798 1591 oleosi
819 1527 933 1604 salis,
958 1531 1022 1614 qui
1047 1533 1087 1597 in
1108 1536 1188 1602 bile
1218 1541 1345 1605 conti·

303 1639 438 1706 netur,
463 1635 500 1694 et
533 1647 625 1693 cum¹
655 1628 874 1696 edulcorato
902 1634 1085 1719 lymphae
1114 1640 1223 1705 acido
1254 1663 1345 1708 con-

303 1737 447 1815 currit3
470 1731 560 1797 inde
582 1733 774 1798 evolvitur
795 1721 895 1820 i'gnis
925 1737 1082 1817 vitalis,
1106 1745 1169 1829 qui
1191 1765 1214 1808 a
1237 1763 1343 1812 oom-

302 1841 414 1909 muni
433 1835 568 1904 differt
587 1839 697 1923 igne,
720 1845 758 1902 et
790 1840 855 1924 qui
885 1845 1113 1927 sanguinem
1140 1871 1184 1913 ex
1207 1871 1249 1914 eo
1282 1857 1344 1917 at·

302 1947 470 2017 tenuat,
501 1939 603 2026 quod
641 1935 911 2028 pyramidibus
951 1953 1119 2014 constet!
1154 1951 1344 2038 Parentup

301 2046 442 2112 vitales
461 2041 627 2126 ,spiritus
659 2042 701 2106 in
741 2045 893 2110 cerebro
921 2067 989 2131 per
1017 2051 1342 2133 destillationem,

303 2158 342 2216 et
373 2146 608 2214 conveniunt
638 2167 768 2212 eorum
797 2151 1053 2233 proprietates
1083 2177 1169 2219 cum
1196 2159 1341 2242 spiritu

299 2256 407 2334 *vinig
431 2235 652 2318 deferulrtur
679 2254 723 2317 hi
745 2254 902 2338 spiritus
925 2257 1053 2324 medio
1072 2271 1276 2329 nervorum
1298 2265 1342 2330 in

299 2367 427 2446 partes
461 2355 652 2440 corporis,
677 2357 714 2421 et
732 2366 996 2444 propagantur
1025 2363 1143 2428 etiam
1161 2384 1228 2450 per
1250 2387 1340 2451 par·

299 2466 408 2530 tium
422 2461 704 2535 substantiam,
727 2461 918 2553 undehae
940 2459 1095 2531 sensiles
1116 2469 1339 2536 redduntur.
1467 2511 1468 2536 t

294 2565 478 2678 'Lympha
499 2567 658 2646 p'aratur
679 2562 720 2624 in
741 2563 933 2644 glandulis
957 2589 1001 2631 ex
1030 2569 1140 2636 acido
1171 2572 1338 2658 quodam

288 2665 499 2753 'sanguinis
517 2666 699 2736 humore,
723 2682 808 2726 cum
828 2665 1015 2733 vitalibus
1038 2671 1239 2753 spiritibus
1262 2678 1339 2742 mi-

297 2781 369 2838 sto.
413 2770 456 2832 ln
496 2763 678 2828 mammis
711 2765 770 2828 lac
808 2775 997 2851 paratur,
1029 2793 1114 2838 cum
1150 2777 1337 2848 blandum

297 2872 507 2964 quodpiam
529 2863 681 2932 acidum
706 2871 887 2956 sanguini
908 2875 1074 2943 additur.

378 2990 843 3106 6)'Renitebanti1r·varii
868 3016 910 3080 in
934 3019 1063 3084 Gallia
1087 3029 1124 3086 et
1147 3021 1348 3110 Hispania

293 3124 372 3196 viri
405 3119 767 3204 iatrochamicorum
795 3125 1020 3209 systemati,
1053 3127 1333 3212 Hippocra-

294 3228 366 3292 tis
391 3227 428 3286 θῒ
448 3221 630 3310 6ᾶίβηὶ
662 3227 813 3289 tuentes
848 3225 1076 3290 doctrinam.
1121 3233 1164 3294 ln
1193 3233 1336 3316 Anglia

295 3332 446 3401 autem,
467 3321 535 3385 ubi
569 3322 769 3390 anatomia
791 3343 877 3390 cum
908 3331 1201 3410 experimentali
1231 3335 1333 3398 cole-

291 3434 407 3500 batur
440 3426 645 3505 methodo,
677 3436 847 3517 systema
881 3430 1006 3498 isthoc
1043 3435 1174 3500 variae
1204 3441 1332 3524 subje-

293 3519 397 3604 etum
416 3529 494 3599 fuit
514 3533 793 3618 disquisitioni.
813 3567 853 3584 -
872 3531 1109 3620 Receperunt
1136 3539 1332 3608 theoriam

293 3661 411 3715 eam,
451 3638 606 3702 diversa
650 3639 801 3702 ratione
844 3638 1141 3717 modificatam,
1184 3645 1330 3712 Walth.

230 3753 239 3792 ⁸
286 3743 530 3828 'castratos
567 3746 606 3804 et
634 3741 772 3806 Thom.
808 3745 1103 3828 W1t11s3lpse
1146 3747 1235 3812 dein
1272 3751 1328 3816 Jo.

189 3871 193 3878 ·
290 3845 521 3926 Mssowtt·
538 3861 590 3927 29·
612 3865 650 3908 n.
668 3845 723 3930 a.)
751 3845 913 3910 vitalem
942 3847 982 3911 in
1016 3849 1126 3914 corde
1157 3853 1329 3920 accidere

290 3949 631 4018 fermentationem
654 3947 813 4025 statuit,
837 3954 873 4012 et
897 3949 1027 4013 docuit
1047 3951 1185 4017 vitales
1208 3957 1327 4038 spiri-2

290 4063 352 4122 tus
372 4056 419 4121 ab
443 4053 545 4125 acidi
564 4051 697 4117 nitrici
727 4055 1027 4138 atmosphaerioi
1057 4059 1154 4122 ae'ris
1179 4061 1326 4142 princi.

289 4159 354 4243 pio
386 4155 609 4240 repetendos
640 4175 727 4220 esee.
769 4157 860 4223 wil·
888 4161 1044 4222 Csooua
1071 4159 1193 4242 (med.
1224 4165 1326 4230 Lon.

289 4260 677 4352 tin->1664·motum
707 4266 965 4334 musculorum
990 4284 1057 4352 per
1079 4261 1324 4340 effervescen2
1360 4279 1368 4306 ¹
