2950 5002
444 250 461 292 l*

253 353 313 422 mo
502 305 507 318 ⁴
593 399 598 408 .
638 425 640 432 Ι
673 339 912 428 ἱΙιῐειιιεςυς.

249 488 374 564 libus‘,
404 485 528 570 adhuc
561 503 777 570 superesse,
800 483 971 572 adeoque
1011 481 1054 548 in
1092 481 1295 566 sanguinis

248 591 456 655 circuitum
478 607 661 674 magnum
680 589 822 664 habere
842 585 1034 652 influxum
1046 626 1057 662 ,
1089 589 1206 674 inque
1219 663 1221 670 Α
1236 589 1296 650 fe·

247 697 381 762 bribus
403 693 567 760 maximi
588 713 667 759 esse
688 692 894 760 momenti·
925 725 967 746 ι-
986 691 1147 756 Uberius
1166 690 1302 776 decla-3

249 803 359 868 ravit
379 798 694 867 irritabilitatem
720 815 903 864 vasorum
932 795 1011 862 Pet.
1041 800 1130 861 Ant.
1158 795 1296 858 Fam

250 903 372 990 (prof.
392 901 558 987 Paris),
580 898 645 985 qui
663 897 863 982 sanguinis
893 885 1067 972 motum,
1088 896 1298 964 mici-osco-

247 1003 307 1086 pii
334 1001 549 1084 adjutorio,
568 1002 612 1065 in
641 1000 742 1076 vasis
770 999 1023 1086 capillaribus
1059 997 1300 1080 observavit,

249 1103 440 1190 simulque
460 1102 649 1176 advertit,
668 1102 871 1166 humorem
891 1101 933 1166 in
957 1118 1112 1166 omnem
1136 1098 1297 1165 directi-

237 1224 387 1279 onem,
410 1211 447 1270 et
475 1205 556 1284 sine
576 1203 700 1268 cordis
710 1204 882 1288 impulsu
894 1203 1059 1270 moveri.
1101 1202 1298 1266 Evicit‘ir·

249 1306 528 1385 ritabilitatem
549 1307 783 1370 arteriarum
805 1306 1080 1389 experimentis
1110 1303 1296 1388 plurimis

250 1407 391 1497 (1779.)
412 1413 551 1479 Christ.
571 1411 665 1477 Lud.
685 1412 886 1475 Hormine
910 1407 1100 1492 (archiat.
1121 1409 1296 1491 Mogont.

249 1513 406 1598 †,1807.)
420 1543 438 1587 ,·
455 1497 521 1598 qui
545 1513 739 1588 advertit,
753 1513 837 1592 vim
859 1532 943 1576 eam
970 1531 1057 1575 cum
1079 1511 1300 1575 decrescen-

249 1619 289 1678 te
310 1597 490 1678 vasorum
512 1616 704 1680 diametro
729 1617 969 1693 increscer03
992 1613 1165 1677 advertit
1182 1633 1295 1696 prae·

191 1775 207 1800 ,
251 1723 381 1796 terea,
406 1710 639 1783 arteriarum
671 1719 827 1802 pulsum
858 1717 901 1781 in
930 1719 1105 1780 membro
1136 1718 1295 1802 paraly-

252 1825 333 1890 tico
357 1823 539 1900 deficere,
562 1830 600 1887 et
623 1823 709 1890 vim
744 1822 983 1887 imitabilem
1014 1842 1196 1888 vasorum
1228 1843 1298 1907 per

230 1949 231 1956 ¹
253 1925 389 2011 opium
414 1926 627 2012 debilitari.
647 1959 688 1976 -
711 1925 950 1990 Tribuerunt
967 1927 1134 1989 vasculis
1166 1926 1295 1990 mino·

252 2029 361 2092 ribus
380 2029 544 2093 eandem
565 2031 648 2094 vim
672 2027 812 2095 Christ·
834 2031 980 2094 linem
999 2034 1038 2094 et
1058 2030 1167 2094 Heid.
1197 2017 1303 2094 van·

256 2131 350 2222 (ylen
370 2133 498 2216 Boscu
523 2138 594 2198 eto.
744 2129 747 2134 ’

338 2297 380 2384 6)
402 2300 495 2362 (lum
515 2297 659 2363 ultima
677 2277 755 2363 ileo.
777 2295 904 2364 xv111.
917 2297 1080 2384 periodo
1092 2297 1297 2386 physiolo-

252 2401 293 2494 gi
310 2402 392 2465 vim
410 2423 592 2466 nerveam
612 2402 779 2467 scrutari
799 2402 954 2467 novitus
977 2406 1016 2484 et
1033 2420 1102 2484 pro
1124 2419 1297 2466 commu·

251 2505 296 2594 ni
325 2505 510 2569 vitalium
549 2505 798 2590 functionum
842 2491 1059 2568 efficientia
1100 2502 1298 2567 declarare

245 2611 464 2692 ‘coeperunt
476 2649 486 2682 ‚
504 2605 606 2669 unde
625 2606 814 2669 transitus
830 2605 879 2670 ad
899 2624 1170 2669 nervorum
1191 2606 1298 2669 the·
1418 2611 1423 2622 '

256 2711 420 2786 oriam
442 2707 666 2793 parabatur.
699 2710 800 2810 ¹Erat
823 2715 953 2774 autem
974 2709 1121 2792 primus
1143 2710 1301 2793 JnAug.

259 2814 393 2900 Urrzsn
418 2808 472 2893 (t.
492 2828 546 2892 32·
568 2829 606 2872 n.
626 2810 705 2897 3.),
729 2809 796 2895 qui
818 2811 1006 2898 animales
1029 2815 1158 2876 motus
1179 2832 1299 2876 ener-

255 2915 393 3004 vorum
415 2911 743 3014 immaterialibus
767 2912 945 2995 exposuit
963 2913 1125 2978 viribus.

338 3073 522 3158 condidit
544 3075 647 3142 circa
666 3094 702 3138 a.
739 3082 832 3155 1784·
862 3075 966 3141 Guil.
997 3078 1140 3140 Gutture
1176 3073 1300 3160 (prof.

259 3175 420 3263 Edinb.)
443 3183 617 3261 systema
634 3177 837 3274 proprium
859 3178 1025 3243 solidi
1047 3179 1183 3254 vivi,
1207 3199 1299 3243 oon·
1392 3158 1397 3175 ’

256 3279 451 3366 jungendo
490 3283 663 3364 systema
704 3279 803 3344 Hos
813 3280 879 3345 im
891 3283 1172 3346 annianum
1212 3301 1300 3345 cum

256 3383 436 3449 doctrina
453 3402 557 3446 nova
576 3382 624 3448 do
641 3381 792 3450 viribus
814 3384 1018 3453 vitalibus.
1035 3419 1077 3434 -
1098 3386 1173 3456 lae.
1194 3387 1300 3450 Gne·

258 3497 364 3546 oour
393 3479 514 3568 (prof.
542 3484 703 3568 Edinb.)
734 3503 920 3548 nerveam
953 3485 1037 3548 vim
1067 3504 1136 3567 pro
1161 3505 1301 3570 genere

260 3603 438 3668 supremo
462 3584 609 3650 virium
631 3588 870 3672 reliquarum
890 3589 1107 3652 constituit.
1129 3621 1170 3641 -
1199 3591 1300 3654 Sam.

257 3690 477 3753 Musonavt
500 3689 692 3753 inssuxum
715 3710 920 3755 nervorum
943 3691 984 3756 in
1017 3713 1112 3770 cor,
1136 3695 1300 3760 arterias

259 3793 298 3852 et
317 3808 434 3852 venas
456 3790 632 3855 evincere
652 3791 823 3870 studuit3
844 3794 1003 3875 repetiit
1024 3795 1191 3860 calorem
1212 3797 1299 3862 ani·

194 3958 201 3969 1
260 3895 402 3957 malem
425 3915 448 3956 a
469 3913 744 3960 nervorum
769 3895 922 3960 actione
943 3903 981 3960 et
999 3896 1133 3978 rejecit
1143 3899 1299 3964 mecha-

259 3995 434 4061 nieorum
456 3997 501 4061 do
525 3997 694 4062 adfrictu
712 3999 953 4084 hypothesin
974 4021 985 4078 ς
1007 4000 1179 4080 ipsorum
1207 4001 1300 4066 dein

260 4103 467 4168 humorum
490 4099 716 4164 mistionem
741 4121 810 4184 por
828 4121 964 4166 nervos
987 4104 1206 4168 conservari
1218 4110 1300 4169 tra·

262 4201 375 4268 didit.
393 4237 435 4252 -
454 4201 601 4270 Similis
631 4207 688 4268 est
712 4203 865 4268 theoria
883 4201 1213 4270 defunctionibus
1234 4227 1300 4294 sy·
