2950 5002
390 399 941 491 Hieroml’ursrocoarsr.
1080 475 1083 486 .
1139 432 1200 503 143

86 618 91 626 ,
157 566 298 613 menae
318 553 356 612 et
378 547 807 632 comparataestudiuxh
827 578 913 626 cum
929 583 1021 628 vara
1039 569 1202 634 naturae
1253 657 1257 664 .

149 652 455 747 philosophia.¹

233 791 432 860 Faveban't
461 803 594 880 postea
614 771 857 868 celeberrimi
888 809 1048 895 Angliae
1066 813 1197 898 philo·

150 894 266 980 sophi
286 894 490 963 methodo
486 903 720 984 empiricee,
743 927 837 972 sano
867 913 1075 980 ratiocinio
1106 940 1197 985 con-

149 997 315 1082 junctae
334 1036 376 1051 -
396 999 450 1069 Jo
479 1005 610 1084 Locus
643 1004 764 1087 (med.
795 1012 1081 1120 Ang1.†1704)
1112 1025 1196 1104 pri-

149 1122 235 1166 mus
257 1109 361 1181 erat,
384 1105 450 1191 qui
471 1105 623 1184 docuit,
644 1107 749 1176 ideas
774 1122 926 1181 nostras
949 1138 972 1181 a
992 1123 1077 1187 sola
1097 1127 1196 1194 oriri

148 1207 414 1290 experientia,
433 1215 470 1275 et
493 1213 731 1296 cognitiones
752 1215 858 1282 haud
887 1222 993 1335 ultra
1012 1212 1193 1309 procede.

148 1331 191 1375 re
202 1350 214 1384 ,
235 1327 351 1396 quam
381 1311 547 1378 intuitus
567 1334 611 1378 ac
641 1316 848 1400 judicium,
869 1343 891 1409 q
921 1325 971 1390 od
993 1333 1194 1398 combina-
1200 1349 1202 1358 ’

145 1413 256 1476 tione
277 1412 451 1477 idearum
473 1417 767 1483 obtinemua-
726 1421 878 1506 -Reje
902 1427 934 1492 it
954 1427 1093 1496 ideas'
1080 1455 1196 1500 rnna-

147 1521 210 1579 tas
233 1520 272 1578 et
299 1503 567 1597 Dev.}1mr‚
598 1525 714 1602 paulo
737 1529 827 1590 ante
859 1541 1118 1615 memoratus,
1152 1563 1194 1606 o-

149 1637 281 1702 mnem
303 1612 477 1689 evertens
498 1619 790 1691 Leibnitz'ii
812 1625 873 1712 (t.
884 1649 937 1713 32
950 1655 987 1700 ιι.
999 1644 1030 1708 8.
1043 1638 1061 1723 )
1082 1643 1194 1708 theo-

146 1721 272 1786 riam·
302 1721 373 1786 Per
401 1724 525 1788 solam
555 1725 872 1810 adsuetudinem,
897 1735 984 1803 vel
996 1759 1063 1824 per
1085 1745 1195 1810 inda-

147 1823 403 1890 terminatum
425 1823 630 1912 quemdem
649 1827 992 1914 instinctum,non
1015 1865 1104 1910 vero
1125 1869 1194 1932 per

147 1929 327 2018 innatam
347 1929 575 2008 scientiam,
605 1933 667 1997 vel
688 1952 755 2017 per
782 1937 882 2026 leges
905 1941 1125 2015 intellectus
1148 1952 1196 2042 (a
1212 1969 1219 1994 ·
1246 1939 1257 1962 ⁸

146 2013 366 2121 priori),
387 2033 428 2097 id
450 2036 613 2103 efficitur
624 2078 635 2114 ,
666 2045 710 2104 ut
727 2062 752 2105 e
770 2044 1028 2130 s1ngrllat1v1s
1064 2058 1195 2123 obser-

68 2165 69 2170 *
144 2137 371 2204 vationibus
392 2137 537 2221 judicia
557 2143 726 2208 formare
746 2148 944 2215 valeamus
957 2173 966 2192 ·
956 2174 1065 2234 ,cum
1085 2181 1194 2230 mens

146 2248 284 2308 nostra
303 2243 409 2306 ultra
431 2245 731 2327 experientiam,
751 2250 829 2315 nisi
849 2253 1041 2337 insaniat,
1062 2284 1195 2347 proce-

145 2343 236 2408 dere
255 2342 359 2408 haud
388 2347 534 2428 possit,
566 2348 638 2413 illa
660 2350 873 2437 disquirere
902 2360 1031 2442 solum¹
1058 2387 1194 2450 possu·
1264 2351 1276 2366 N

145 2469 254 2524 mus,
276 2466 372 2533 quae
392 2449 542 2516 viribus
572 2453 807 2536 respondent
837 2458 1193 2552 intellectualibus,

104 2553 110 2562 '
146 2559 186 2618 et
205 2553 400 2617 humanae
432 2551 690 2639 experientiae
710 2580 789 2638 ιιριι
819 2562 1006 2634 excedunt
1034 2570 1195 2642 limites.

126 2645 246 2740 ‘Quia
267 2649 430 2741 denique
450 2657 624 2723 factaita
644 2657 902 2764 demonstrari
921 2689 1000 2734 non
1018 2688 1191 2757 possunt,

144 2769 191 2826 ut
213 2762 465 2829 contrarium
463 2765 659 2851 cogitare
669 2790 749 2834 non
769 2770 925 2850 licarat',
945 2778 1055 2846 nulla
1077 2782 1192 2854 datur

142 2864 309 2932 scientia
327 2887 440 2944 vera,
451 2869 529 2933 nisi
549 2870 768 2938 mathesis
755 2892 851 2956 ipsa
860 2873 1064 2948 -Similia
1081 2891 1190 2969 prin-

144 2972 251 3055 cipis
271 2967 412 3061 (1739)
432 2976 633 3058 proposuit
653 2979 791 3046 Thom.
811 2982 915 3048 Rn1n
931 2982 1058 3069 (prof.
1080 2993 1190 3060 Glae-

144 3081 293 3166 goes),
316 3077 386 3161 qui
404 3075 558 3142 innatas
580 3077 666 3142 dari
697 3055 883 3172 v'eritetas
915 3087 1097 3172 admisit,
1127 3097 1192 3163 de.
1233 3180 1236 3188 Ι

144 3180 357 3244 monstrari
387 3179 542 3264 quidem
561 3180 756 3248 veritates
784 3185 906 3264 istae,
937 3196 981 3254 ut
1001 3201 1190 3274 auctoris

144 3279 363 3363 praecepit,
392 3300 474 3359 ιιοιι
502 3288 685 3363 possunt,
715 3283 764 3349 iis
796 3291 928 3354 tamen
951 3300 1188 3369 contrarium
1214 3289 1220 3304 '

146 3386 196 3448 ab
227 3382 336 3447 omni
372 3401 441 3466 pro
474 3375 638 3448 absurdo
668 3387 864 3468 habetur;
894 3396 1189 3474 praecedunto

143 3503 275 3554 mnam
297 3485 597 3568 experientiam,
610 3495 776 3576 suntque
798 3493 902 3557 haud
923 3495 1051 3576 aliud,
1073 3522 1189 3589 quem

144 3610 240 3656 sana
259 3586 429 3698 hominis
451 3590 565 3656 ratio.
697 3621 710 3658 ι
738 3631 742 3640 -

229 3751 425 3835 Principia
454 3751 555 3816 haec
587 3753 859 3839 philosophica
886 3779 954 3844 per
986 3764 1187 3857 Galliam,
1230 3823 1234 3838 ,

146 3855 305 3922 Italiam
332 3860 375 3919 et
405 3856 655 3920 Germaniam
683 3868 898 3962 propagata
925 3872 962 3930 et
991 3881 1144 3956 recepta
1164 3899 1187 3944 a

145 3959 363 4044 praecipuis
394 3961 513 4024 seculi
551 3935 677 4028 llum.
708 3971 869 4030 naturae
906 3979 1186 4051 scrutatoribus

37 4099 38 4104 ι
146 4066 317 4128 suerunt.
359 4063 484 4151 Abeo
513 4064 634 4148 igitur
664 4055 839 4150 tempore
870 4072 1118 4164 physiologia
1147 4093 1187 4153 et

93 4205 96 4208 -
148 4167 276 4233 omnis
297 4139 458 4230 naturae
488 4169 651 4233 scientia
682 4167 973 4243 inventionibus
997 4187 1035 4257 et
1055 4187 1186 4258 obser·

148 4269 252 4336 vatis
276 4275 410 4336 austes
429 4271 640 4359 plurimum
663 4281 785 4346 erant.
805 4281 861 4350 Ab
883 4302 927 4351 eu
948 4269 1066 4367 etiam
1085 4296 1187 4376 peri·
1279 4281 1281 4290 ’
1339 4273 1344 4366 ᾗ
