2920 4998
387 365 571 464 peroras
594 361 906 434 corramrnsrso·
1057 331 1061 340 Ι
1133 381 1171 456 17

255 510 302 598 d)
335 509 509 599 Denique
536 531 696 597 corpora
729 513 900 580 existunt
925 512 1045 591 talia,
1073 529 1170 602 quaa
1270 594 1275 604 Ι

212 607 546 704 imponderabilia
579 617 670 681 aliis
702 619 781 681 noir
810 615 926 682 facile
954 620 1171 684 communi-

210 725 303 785 cant
331 718 577 802 corporibus,
600 723 643 783 etv
667 717 745 784 ista
765 725 1083 804 separatores
1097 737 1171 790 ‘seu

213 813 484 888 isolatores
499 787 799 905 tompeuantur.
820 823 907 888 Alia
927 823 1054 888 rursus
1077 822 1171 888 dan·

216 931 279 992 tur
308 942 490 1010 corpora,
514 943 610 1008 quaa
640 931 867 1009 comparata
897 925 953 990 sic
986 929 1095 1001 sunt,
1124 932 1170 990 ut

210 1027 328 1096 modo
349 1021 585 1102 conducant,
604 1027 718 1092 modo
736 1050 827 1096 varo
855 1033 1052 1114 separent,
1080 1047 1170 1112 pro·
1198 1059 1204 1068 ,

211 1141 257 1200 ut
287 1133 429 1221 quippe
463 1132 834 1217 imponderabilium
874 1135 976 1200 actio
1007 1153 1169 1218 praepo·

213 1241 298 1304 tens
320 1241 388 1302 aut
406 1235 564 1300 infirma
584 1236 723 1313 fuerit,
738 1237 839 1302 unda
858 1237 1171 1327 semicanae·

215 1348 383 1408 ctoras
410 1337 608 1404 dicuntum·
945 1328 952 1336 ’

233 1467 268 1537 ⁴⁸)
284 1463 394 1532 Calor,
412 1435 613 1530 electrioitas,
630 1459 683 1515 lux
699 1468 730 1516 et
744 1475 835 1516 sonus
856 1460 947 1518 certis
970 1461 1026 1518 sub
1044 1461 1169 1520 circum·

199 1550 320 1609 arantiis
337 1550 369 1604 in
385 1548 465 1605 omni
483 1548 664 1605 evolvuntur
683 1547 822 1646 notarim
841 1566 897 1607 neo
917 1551 983 1625 ipsa
1005 1551 1171 1624 magnetiop

197 1639 245 1696 vis
268 1639 325 1695 soli
341 1639 636 1715 inhaeratvmagnati·
1169 1648 1172 1660 '

238 1755 292 1823 Μ)
309 1751 386 1809 Puta
404 1753 587 1810 substantias
602 1751 824 1820 metalloideaa‚
834 1769 870 1810 ax
884 1749 1030 1808 alcalibus
1045 1769 1061 1808 a
1078 1704 1169 1818 llum.

198 1838 309 1897 mvi
325 1841 426 1898 madio
442 1840 597 1898 columnae
614 1842 641 1899 V
643 1841 761 1898 ultanae
775 1839 873 1916 primo
890 1838 1066 1916 productas.

593 2019 623 2092 ς.
668 2027 733 2078 mu

250 2193 757 2284 imponderabilium
788 2193 1060 2282 polaritas.

150 2400 154 2413 ,
188 2331 314 2403 'Dum
335 2339 438 2406 vires
468 2341 701 2407 attractivae
722 2347 760 2406 et
779 2339 996 2424 repulsivae
1020 2341 1062 2404 in
1088 2357 1171 2406 ma·

17 2491 22 2510 .
126 2433 252 2506 toriae
274 2444 496 2527 particulis,
519 2445 656 2534 quibus
677 2443 876 2528 hae‘ipsaa
896 2443 1063 2509 invicem
1085 2463 1172 2508 coa·

131 2539 279 2610 leecunt
299 2545 396 2612 etin
415 2545 618 2612 materiem
637 2547 855 2614 formantur
877 2541 928 2632 (ς.
941 2533 1019 2633 4.),
1032 2563 1076 2610 ex
1094 2545 1169 2632 hy·
1244 2581 1247 2588 ι

129 2646 285 2730 pothesi
316 2648 442 2712 solum
461 2651 706 2724 statuuntur,
727 2647 984 2740 proprietates
1013 2651 1050 2712 et
1069 2647 1171 2712 vires

131 2745 475 2832 materiarum,(§§.
491 2767 523 2834 5.
544 2750 597 2838 6.)
611 2792 623 2828 ,
635 2751 807 2816 sensibus
828 2750 969 2836 nostris
989 2749 1067 2832 jam
1086 2771 1172 2834 per-

95 2832 103 2852 *
130 2851 588 2936 ceptibiles,primitivas
610 2874 673 2920 eas
695 2854 973 2924 elementorum
993 2853 1094 2918 vires
1109 2873 1170 2918 sa-

129 2953 183 3018 tis
207 2953 462 3036 confirmant3
481 2955 767 3042 principiorum
796 2975 887 3022 varo
909 2955 1186 3031 chemicorum,

129 3059 232 3126 vires
251 3050 303 3146 (5.
322 3058 376 3148 7.)
396 3059 647 3128 manifestam
669 3047 853 3126 exhibent
874 3061 1173 3145 oppositionem,

133 3157 228 3222 adeo
240 3199 252 3234 ,
272 3163 316 3224 ut
336 3157 505 3228 evictum
527 3161 601 3240 sit,
623 3159 861 3230 substantias
881 3179 959 3226 non
987 3163 1101 3249 aliter
1129 3163 1171 3227 in

130 3280 169 3324 se
190 3267 325 3327 mutuo
346 3282 607 3354 agere‚quam
627 3285 695 3350 per
717 3255 973 3331 differentiam
993 3263 1173 3353 dynami·

134 3383 231 3430 cam.
274 3367 351 3434 Hoc
376 3369 503 3455 ipsum
524 3375 653 3436 autem
671 3366 1040 3455 imponderabilium
1060 3379 1173 3436 natu·

44 3473 46 3482 '
131 3485 177 3558 sa
196 3469 259 3534 vel
280 3469 928 3558 maximenonfirmat,siquidem‚
949 3473 1170 3538 manifesti·
1268 3519 1272 3533 .

56 3563 59 3572 ’
135 3590 178 3635 or
209 3569 274 3636 hic
302 3573 435 3658 vigeat
464 3575 682 3660 oppositi03
714 3570 858 3658 etenim
888 3573 1070 3660 pleraque
1096 3575 1188 3639 im-v

133 3674 408 3760 ponderabilia
429 3673 623 3762 duplicem
653 3679 863 3766 sequuntur
894 3672 1170 3752 directionem,

133 3783 172 3845 et
201 3774 458 3844 manifestant
486 3785 665 3873 naturam
697 3779 913 3864 duplicem,
933 3777 1011 3842 sibi
1040 3777 1174 3844 stricta
1294 3847 1298 3860 ,

136 3881 356 3966 oppositam
377 3880 663 3968 (polaritas
695 3878 1050 3966 directionis),

215 4023 388 4088 Maxime
407 4023 613 4108 conspicua
634 4023 728 4090 haec
742 4029 798 4089 est
817 4017 1006 4108 polaritas
1028 4020 1070 4088 in
1092 4032 1175 4088 ma‘·
1208 4049 1212 4063 “

17 4121 18 4126 ’
133 4127 246 4210 gnate
267 4124 413 4196 etaliis
446 4127 673 4211 magneticis
705 4125 950 4212 corporibus,
971 4144 1066 4210 quae
1096 4127 1174 4197 fine

135 4247 216 4298 uno
236 4227 440 4296 attrahunt
451 4235 489 4298 et
500 4231 622 4296 altero
644 4231 859 4314 repelluntr
879 4229 962 4315 poli
983 4230 1056 4296 duo
1071 4228 1116 4316 (p
1131 4252 1171 4298 o·

60 4389 63 4402 =
175 4341 400 4448 Lanuuinis
422 4350 591 4454 Plryeiol.
613 4351 711 4468 med.
732 4351 812 4424 Vol.
833 4355 860 4417 Ι.
1022 4343 1086 4420 B‘
1159 4419 1165 4424 .
