2920 4998
272 385 314 470 7⁶
532 381 537 386 ’
698 365 923 438 Issssssvs.
956 365 962 376 '

119 609 122 616 ¹
268 523 438 594 humani
460 513 571 588 venis
592 517 859 592 invenissent,
876 533 926 579 ac
947 509 1138 596 posterior
1174 509 1324 596 optime

172 689 175 702 .
271 627 525 694 delineandas
555 626 741 700 curasset3
762 616 893 685 docuit
918 611 1051 681 tamen
1073 614 1176 689 iste,
1198 615 1323 699 plicas

274 753 336 800 eas
359 726 674 816 congestionibus
688 719 955 808 impediendis
966 717 1186 786 etarcendis
1203 738 1327 784 vena·

264 856 360 922 urum
389 833 687 900 dilatationibus
708 827 909 896 inservire,
931 821 933 824 ’

308 1041 316 1064 ,λ
356 996 562 1079 Postquam
581 991 790 1059 Beaeucais
812 995 850 1054 et
870 987 1060 1054 Vesanus
1084 991 1219 1076 contra
1235 987 1324 1053 Ga·

273 1103 448 1167 lenum
490 1097 782 1172 ostendissent,
815 1099 966 1178 septum
1009 1093 1324 1158 ventriculorum

276 1203 403 1276 cordis
421 1185 785 1289 perforatu'm'haud
810 1218 889 1262 esse
899 1238 910 1274 ,
923 1195 1092 1282 adeoque
1111 1197 1326 1262 transitum

273 1309 476 1394 sanguinis
509 1307 681 1372 edextro
700 1305 742 1368 ln
773 1303 976 1367 sinistrum
1006 1321 1073 1368 cor
1101 1302 1328 1387 impossibi-

275 1415 353 1477 lem
375 1410 715 1498 demonstrassent,
728 1407 913 1472 circuitus
935 1427 1076 1490 parvus
1097 1407 1328 1492 perpulmo·

262 1523 341 1581 nes
365 1517 549 1585 inventus
563 1514 685 1578 ferme
704 1513 844 1576 fuerat.
857 1510 974 1579 Mich.
986 1513 1173 1578 'Sauvuro
1195 1515 1328 1575 autem

272 1621 489 1705 perfectam
509 1617 611 1701 septi
632 1614 712 1697 ejus
739 1632 830 1698 1552,
850 1614 1132 1682 demonstravit
1153 1615 1328 1698 impone·

261 1723 532 1811 'trabilitatem
554 1761 564 1794 ,
588 1724 626 1782 et
656 1720 855 1784 stabilivit
887 1721 1093 1812 circuitum
1124 1717 1327 1804 sanguinis

271 1837 341 1911 per
352 1829 566 1909 pulmones.
578 1823 721 1888 Docuit
733 1827 819 1900 iste,
833 1825 997 1890 vitalem
1010 1825 1193 1910 spiritum
1206 1845 1250 1888 ex
1263 1844 1326 1888 ar·

270 1931 384 1996 ter'iis
396 1973 406 2006 ,
418 1951 484 2012 per
503 1933 765 1993 anastomoses
780 1930 822 1992 in
835 1949 951 1993 venas
973 1931 1160 2009 transir03
1171 1925 1328 2011 sangui·

266 2033 442 2104 nem,ob
462 2030 696 2112 impervium
715 2037 879 2116 septum,
890 2032 931 2095 in
942 2032 1143 2113 pulmones
1161 2028 1330 2104 traduci,

273 2135 395 2201 vitali
412 2131 554 2218 spiritu
566 2136 980 2219 atmosphaerici'adris
995 2135 1272 2221 impraegnari,
1286 2138 1329 2197 et

172 2235 176 2246 '
276 2239 319 2304 in
351 2259 416 2301 cor
442 2234 596 2317 reduci;
621 2223 807 2302 arteriam
829 2239 1095 2322 pulmonalem
1116 2235 1332 2330 nutritioni

274 2344 351 2407 soli
371 2344 543 2430 *dicatam
562 2323 667 2406 haud
686 2340 980 2430 esse,siquidem
1000 2345 1123 2407 multo
1141 2342 1195 2406 sit
1216 2359 1331 2426 capa-

276 2447 359 2512 cior
377 2466 494 2530 quam
514 2469 634 2524 vena,
658 2453 696 2511 et
714 2447 807 2511 -alia
825 2445 956 2511 adsint
972 2467 1094 2534 vasa,
1117 2438 1331 2508 nutritioni

274 2549 570 2630 inservientia;
595 2552 758 2636 donique
798 2548 896 2612 dicit
915 2590 925 2623 ,
944 2549 1108 2614 vitalem
1143 2546 1331 2630 spiritum

273 2653 460 2736 sanguini
480 2651 744 2742 admisceriin
757 2651 988 2716 ventriculis
999 2650 1125 2716 cordis
1139 2671 1184 2715 ex
1196 2671 1239 2714 eo
1251 2668 1331 2713 non

276 2777 391 2842 posse
409 2757 534 2842 ,quod
560 2776 659 2819 cava
675 2755 770 2818 haec
788 2750 1140 2820 sufficientemnon
1156 2753 1332 2816 habeant

278 2879 351 2950 pro
372 2861 420 2924 'eo
445 2879 602 2924 munere
628 2856 902 2941 capacitatem.
943 2858 1034 2922 Post
1046 2875 1166 2920 annos
1182 2862 1332 2939 septem

177 2969 195 3016 A
268 2963 484 3056 ‚Catamitus
508 2959 718 3024 circuitum
747 2979 912 3042 parvum
942 2961 1059 3042 paulo
1093 2961 1232 3025 clarius
1265 2977 1331 3022 ex·

178 3110 183 3123 .
278 3062 433 3148 posuit,
456 3082 618 3148 eamque
650 3062 730 3130 sibi
764 3060 950 3146 adrogare
977 3061 1104 3128 voluit
1134 3061 1332 3128 inventlos

277 3185 380 3230 nem.
424 3163 540 3228 Andr.
560 3165 799 3228 causamur
823 3157 1008 3247 (archiat.
1026 3165 1179 3251 Papal.)
1194 3163 1358 3228 circui··

277 3274 364 3332 tum
387 3286 455 3350 per
475 3267 678 3352 pulmones
701 3266 953 3343 dilucidavit,
972 3269 1164 3355 simulque
1186 3267 1332 3340 docuit,

281 3390 346 3434 cor
374 3389 443 3465 per
474 3370 773 3454 respirationem
804 3365 1046 3457 nequaquam
1083 3369 1332 3455 refrigerari,

280 3472 476 3557 siquidem
500 3479 694 3538 eremium
725 3494 745 3536 e
775 3470 878 3538 vivis
909 3471 1145 3541 animalibus
1165 3471 1333 3540 vitalem

283 3597 374 3640 mox
398 3577 557 3642 amittat
586 3578 691 3650 vim,
711 3574 780 3639 ubi
810 3595 930 3660 aquae
960 3579 1128 3664 frigidae
1159 3573 1340 3660 imponi-'

282 3683 379 3750 tur,
411 3696 572 3762 eamque
605 3675 753 3742 diutius
782 3669 1028 3747 retinentia
1058 3701 1159 3766 aqua
1191 3679 1331 3750 calida·

268 3783 410 3854 :Multa
430 3784 519 3848 dein
540 3783 600 3848 vir
623 3783 727 3850 idem
750 3783 795 3848 de
817 3785 876 3850 itu
907 3790 945 3850 et
971 3782 1102 3850 reditu
1126 3787 1332 3871 sanguinis

281 3903 351 3969 per
382 3885 545 3950 arterias
578 3875 620 3949 et'
644 3907 761 3975 venas
802 3893 892 3952 ente
925 3888 1217 3972 Harveyum
1252 3887 1333 3968 jam

282 3988 465 4074 scripsit,
488 3986 606 4064 adeo,
634 3993 679 4054 ut
702 4009 771 4074 pro
804 3990 1007 4056 inventore
1036 3991 1218 4057 circuitus
1247 4011 1338 4059 ma·

282 4094 352 4178 gni
371 4091 510 4160 heberi
523 4093 647 4160 ferme
666 4092 790 4182 possit
821 4092 1138 4203 (Spreug'el'l.
1155 4115 1187 4160 o.
1208 4095 1273 4161 111.
1292 4113 1335 4182 p.

279 4199 398 4344 bibl·
