2920 4998
743 159 751 200 Ι
794 173 801 182 ι

297 333 341 413 3²
724 319 932 390 trunsum.

235 553 239 562 ι
292 497 319 543 ·,
384 474 423 560 1)
440 473 506 540 Est
528 459 794 557 analogia,
815 492 881 538 seu
913 465 1108 540 conclusio
1131 493 1155 540 a
1174 476 1280 544 notis
1302 481 1343 548 et

293 570 567 646 communibus
589 595 717 641 rorum
749 578 871 642 causis
901 575 949 642 ad
964 567 1103 644 ‘causas
1136 601 1223 659 eas,
1244 601 1342 668 quae

296 686 444 758 latent,
461 687 504 750 et
525 679 680 766 quidem
701 680 748 746 ob
777 681 1133 770 phaenomenorum
1153 685 1343 752 similitu-

296 786 440 876 dinem
481 757 675 850 ilabomu's
697 783 941 868 analogiae'
931 805 973 848 1n
994 786 1245 874 physiologia
1277 811 1342 855 ex-

296 889 466 978 emplum
507 886 549 950 in
585 883 758 970 partium
797 887 1134 962 contractilitates
1175 891 1341 954 musculi

296 990 466 1074 corporis
508 987 693 1053 animalis
733 987 846 1052 fibris
891 989 1214 1073 componuntur,
1245 1011 1341 1079 quas

296 1093 538 1161 contractilis
569 1089 708 1156 incolit
728 1091 809 1176 vis3
832 1093 1100 1158 concluserunt
1120 1093 1242 1180 igitur
1272 1115 1341 1180 per

254 1269 257 1282 ,
295 1197 500 1282 analogiae
530 1193 689 1258 modum
725 1193 951 1286 physiologi
982 1196 1130 1281 aliqui,
1163 1201 1341 1274 arteriis,

265 1345 269 1356 ·
293 1300 419 1370 textui
440 1297 622 1386 celluloso
646 1303 684 1362 et
703 1293 794 1362 aliis
811 1300 1012 1382 partibus,
1035 1321 1131 1388 quae
1150 1303 1340 1368 fibrosam
1445 1377 1449 1386 ,

190 1487 194 1496 ¹
238 1489 241 1498 ὁ
294 1405 478 1471 exhibent
497 1399 710 1476 fabricam,
742 1402 1012 1466 contractilem
1040 1423 1187 1491 quoque
1218 1406 1341 1472 inesse

293 1510 387 1572 vim.
430 1507 598 1571 Multum
621 1503 778 1586 quidem
799 1505 946 1573 arridet
969 1509 1224 1577 conclusionis
1245 1511 1342 1576 haec

292 1605 421 1686 ratio,
444 1603 576 1692 estqu'e
596 1605 783 1671 scientiae
805 1609 932 1698 omnis
952 1610 1236 1692 primordium
1258 1632 1341 1676 am-

292 1709 412 1800 bigua
432 1719 565 1778 tamen
587 1716 625 1774 at
642 1710 765 1775 fallax
787 1699 977 1790 est,adeo¹
994 1718 1038 1776 ut
1057 1714 1131 1777 soli
1153 1714 1345 1781 duntaxat

292 1815 495 1902 analogiae
514 1811 714 1902 fidendum
731 1815 897 1880 minime
917 1815 981 1880 sit.
1023 1815 1176 1906 Etenim
1195 1817 1341 1906 simili·

290 1917 445 1985 tudines
468 1921 648 1982 externae
673 1934 758 2004 cum
788 1917 961 1982 maxima
981 1914 1093 2005 saepe
1122 1917 1343 1984 differentia

292 2025 448 2098 interna
469 2026 769 2096 concurrunt,et
788 2022 1059 2106 phaenomena
1082 2027 1244 2086 naturae
1264 2021 1342 2086 sibi

292 2129 463 2204 similia,
487 2131 532 2190 ut
550 2126 772 2212 frequenter
795 2123 958 2200 accidit,
982 2125 1196 2200 diversam,
1214 2131 1254 2189 et
1272 2143 1342 2206 op·

291 2232 462 2318 positam
482 2249 561 2296 non
584 2243 695 2304 raro,
716 2221 929 2322 agnoscunt
950 2245 1102 2294 causam
1124 2227 1178 2314 *).

376 2396 419 2484 2)
440 2391 575 2460 Modus
598 2392 718 2468 alter,
742 2409 817 2478 quo
850 2391 1031 2480 consequi
1056 2392 1339 2478 experientiam

294 2501 532 2574 adnitimur,
566 2497 653 2580 ipsa
682 2501 745 2561 est¹
771 2496 823 2560 in
837 2492 859 2559 d
872 2497 1027 2562 ustio·
1071 2497 1341 2564 concludimus

293 2611 379 2684 hic,
399 2603 669 2688 phaenomena
688 2598 926 2664 simultanea
947 2607 1014 2663 aut
1036 2598 1112 2662 sibi
1134 2597 1342 2684 'succeden-

293 2711 382 2785 tia,
407 2705 462 2772 ab
495 2701 628 2776 eadem
667 2705 735 2764 aut
772 2691 968 2766 communi
1009 2697 1174 2782 pendere
1207 2720 1341 2776 causa,
1376 2693 1380 2702 ’

295 2811 387 2878 dum
421 2801 758 2872 observationibus
789 2798 1164 2886 repetitismodum
1196 2809 1235 2866 et
1268 2802 1342 2868 cir·

296 2908 582 2986 cumstantias,
615 2907 684 2975 sub
723 2907 862 2991 quibus
901 2897 1170 2988 phaenomena
1207 2905 1342 2972 eadem

295 3023 505 3093 oriuntur,
535 3012 614 3079 sibi
651 3009 883 3095 'respondere
921 3005 1170 3072 advertimus
1224 3008 1340 3073 Indu·

295 3125 437 3196 ctionis
466 3117 684 3212 exemplum
713 3119 758 3180 ut
783 3109 1343 3220 habeamus,irritabilitatem

295 3233 482 3302 adducere
505 3225 645 3291 saltem
666 3220 803 3285 liceat·
817 3221 969 3282 constat
990 3215 1342 3294 obseruationibus,

296 3331 528 3402 musculares
549 3321 654 3390 vires
677 3323 720 3388 in
738 3319 976 3385 animalibus
991 3339 1042 3386 eo
1066 3338 1144 3385 esse
1165 3316 1343 3397 majores,

299 3459 371 3526 quo
393 3425 663 3516 respirationis
682 3441 828 3512 organa
847 3422 1002 3487 evolute
1023 3422 1146 3506 magis
1166 3413 1360 3496 fuerint,‘

273 3605 276 3612 ,
299 3561 417 3626 eaque
437 3529 689 3622 proportione
718 3546 781 3592 aas
813 3523 965 3590 intendi
993 3531 1062 3588 aut
1095 3521 1241 3599 minui,
1264 3541 1344 3610 qua

299 3637 490 3726 adspirati
513 3633 613 3698 a'aris
636 3629 870 3718 oxygenium
891 3631 1046 3692 auctum
1067 3623 1168 3691 aut
1156 3625 1344 3690 smminu·

299 3751 383 3810 turn
402 3736 544 3816 fuerit,
563 3733 705 3800 merito
725 3731 818 3798 hinc
845 3729 1085 3805 inducimus,
1108 3726 1343 3814 oxygonium

299 3847 341 3914 id
362 3863 439 3912 esso
461 3839 722 3928 principium,
758 3835 858 3923 quod
889 3833 1156 3928 irritabilitati
1191 3853 1342 3902 consor·

299 3947 449 4016 candae
469 3949 509 4010 et
528 3941 725 4033 augendae
744 3937 948 4026 praecipue
969 3937 1145 4004 inservit
1223 3963 1228 3976 ·

381 4116 425 4204 3)
455 4109 554 4198 Quia
582 4128 673 4175 vero
706 4077 944 4192 experientia
969 4121 1066 4202 pera
1100 4106 1343 4190 frequentem

246 4269 267 4298 t·
301 4219 470 4316 ejusdem
489 4216 547 4288 rei
571 4212 744 4304 deposcit
764 4207 1074 4281 obseruationem
1094 4213 1133 4273 et
1143 4209 1343 4294 pervasti·

1274 4331 1342 4402 ss·
1449 4347 1450 4360 Ν
