<?xml version="1.0" encoding="UTF-8"?>
<!DOCTYPE html PUBLIC "-//W3C//DTD XHTML 1.0 Transitional//EN"
    "http://www.w3.org/TR/xhtml1/DTD/xhtml1-transitional.dtd">
<html xmlns="http://www.w3.org/1999/xhtml" xml:lang="en" lang="en">
 <head>
  <title>
</title>
<meta http-equiv="Content-Type" content="text/html;charset=utf-8" />
  <meta name='ocr-system' content='tesseract 3.04.00' />
  <meta name='ocr-capabilities' content='ocr_page ocr_carea ocr_par ocr_line ocrx_word'/>
</head>
<body>
  <div class='ocr_page' id='page_1' title='image "./physiologiamedi01lenhgoog_0073.png"; bbox 0 0 2920 4998; ppageno 0'>
   <div class='ocr_carea' id='block_1_1' title="bbox 169 337 904 482">
    <p class='ocr_par' dir='ltr' id='par_1_1' title="bbox 169 337 904 482">
     <span class='ocr_line' id='line_1_1' title="bbox 169 337 904 482; baseline -0.007 -41"><span class='ocrx_word' id='word_1_1' title='bbox 169 357 172 363; x_wconf 70' lang='grc'><strong>’</strong></span> <span class='ocrx_word' id='word_1_2' title='bbox 262 391 305 482; x_wconf 72' lang='lat'>5⁶</span> <span class='ocrx_word' id='word_1_3' title='bbox 340 417 345 426; x_wconf 83' lang='lat'><em>-</em></span> <span class='ocrx_word' id='word_1_4' title='bbox 384 375 387 382; x_wconf 88' lang='grc'><strong><em>’</em></strong></span> <span class='ocrx_word' id='word_1_5' title='bbox 679 337 904 452; x_wconf 68' lang='lat' dir='ltr'>Issaussos.</span> 
     </span>
    </p>
   </div>
   <div class='ocr_carea' id='block_1_2' title="bbox 150 512 1369 4230">
    <p class='ocr_par' dir='ltr' id='par_1_2' title="bbox 150 512 1369 4230">
     <span class='ocr_line' id='line_1_2' title="bbox 262 512 1312 596; baseline -0.02 -1"><span class='ocrx_word' id='word_1_6' title='bbox 262 543 445 596; x_wconf 84' lang='lat' dir='ltr'>numerus</span> <span class='ocrx_word' id='word_1_7' title='bbox 478 521 757 586; x_wconf 84' lang='lat' dir='ltr'>elementorum</span> <span class='ocrx_word' id='word_1_8' title='bbox 789 512 1024 580; x_wconf 87' lang='lat' dir='ltr'>determinat</span> <span class='ocrx_word' id='word_1_9' title='bbox 1056 517 1237 578; x_wconf 86' lang='lat' dir='ltr'>naturam</span> <span class='ocrx_word' id='word_1_10' title='bbox 1272 519 1312 582; x_wconf 78' lang='lat' dir='ltr'>at</span> 
     </span>
     <span class='ocr_line' id='line_1_3' title="bbox 260 617 1311 731; baseline -0.015 -35"><span class='ocrx_word' id='word_1_11' title='bbox 260 633 453 731; x_wconf 54' lang='lat' dir='ltr'>figuram:</span> <span class='ocrx_word' id='word_1_12' title='bbox 476 629 531 716; x_wconf 80' lang='lat' dir='ltr'>sic</span> <span class='ocrx_word' id='word_1_13' title='bbox 553 619 800 704; x_wconf 77' lang='lat' dir='ltr'>elementaris</span> <span class='ocrx_word' id='word_1_14' title='bbox 819 621 946 712; x_wconf 78' lang='lat' dir='ltr'>figura</span> <span class='ocrx_word' id='word_1_15' title='bbox 975 617 1077 702; x_wconf 86' lang='lat' dir='ltr'>ignis</span> <span class='ocrx_word' id='word_1_16' title='bbox 1109 624 1165 682; x_wconf 89' lang='lat' dir='ltr'>est</span> <span class='ocrx_word' id='word_1_17' title='bbox 1189 638 1311 702; x_wconf 62' lang='lat' dir='ltr'>pyras</span> 
     </span>
     <span class='ocr_line' id='line_1_4' title="bbox 253 724 1314 811; baseline -0.014 -10"><span class='ocrx_word' id='word_1_18' title='bbox 253 735 444 811; x_wconf 69' lang='lat' dir='ltr'>buidalis,</span> <span class='ocrx_word' id='word_1_19' title='bbox 468 733 567 798; x_wconf 74' lang='lat' dir='ltr'>alitis</span> <span class='ocrx_word' id='word_1_20' title='bbox 590 726 828 794; x_wconf 77' lang='lat' dir='ltr'>dodecae&#39;dra</span> <span class='ocrx_word' id='word_1_21' title='bbox 849 732 919 796; x_wconf 74' lang='lat' dir='ltr'>etc,</span> <span class='ocrx_word' id='word_1_22' title='bbox 950 724 1188 798; x_wconf 90' lang='lat' dir='ltr'>Daemonia‚</span> <span class='ocrx_word' id='word_1_23' title='bbox 1212 741 1314 810; x_wconf 73' lang='lat' dir='ltr'>quae</span> 
     </span>
     <span class='ocr_line' id='line_1_5' title="bbox 216 828 1310 916; baseline -0.016 -10"><span class='ocrx_word' id='word_1_24' title='bbox 216 893 219 907; x_wconf 75' lang='grc'><strong><em>,</em></strong></span> <span class='ocrx_word' id='word_1_25' title='bbox 241 831 313 916; x_wconf 63' lang='lat' dir='ltr'>{ed</span> <span class='ocrx_word' id='word_1_26' title='bbox 337 839 514 904; x_wconf 85' lang='lat' dir='ltr'>divinam</span> <span class='ocrx_word' id='word_1_27' title='bbox 535 830 720 898; x_wconf 89' lang='lat' dir='ltr'>accedunt</span> <span class='ocrx_word' id='word_1_28' title='bbox 739 836 940 905; x_wconf 88' lang='lat' dir='ltr'>naturam,</span> <span class='ocrx_word' id='word_1_29' title='bbox 964 828 1196 906; x_wconf 85' lang='lat' dir='ltr'>animalium</span> <span class='ocrx_word' id='word_1_30' title='bbox 1218 846 1310 892; x_wconf 85' lang='lat' dir='ltr'>con·</span> 
     </span>
     <span class='ocr_line' id='line_1_6' title="bbox 248 928 1310 1028; baseline -0.014 -23"><span class='ocrx_word' id='word_1_31' title='bbox 248 940 361 1028; x_wconf 82' lang='lat' dir='ltr'>&#39;dunt</span> <span class='ocrx_word' id='word_1_32' title='bbox 388 957 575 1023; x_wconf 87' lang='lat' dir='ltr'>corpora,</span> <span class='ocrx_word' id='word_1_33' title='bbox 599 941 636 1000; x_wconf 92' lang='lat' dir='ltr'>et</span> <span class='ocrx_word' id='word_1_34' title='bbox 673 935 854 1000; x_wconf 87' lang='lat' dir='ltr'>tribuunt</span> <span class='ocrx_word' id='word_1_35' title='bbox 887 931 936 996; x_wconf 90' lang='lat' dir='ltr'>iis</span> <span class='ocrx_word' id='word_1_36' title='bbox 961 929 1195 1014; x_wconf 80' lang='lat' dir='ltr'><strong>particulam</strong></span> <span class='ocrx_word' id='word_1_37' title='bbox 1228 928 1310 1005; x_wconf 80' lang='lat' dir='ltr'>sui,</span> 
     </span>
     <span class='ocr_line' id='line_1_7' title="bbox 248 1032 1310 1128; baseline -0.012 -20"><span class='ocrx_word' id='word_1_38' title='bbox 248 1063 358 1128; x_wconf 77' lang='lat' dir='ltr'>.quae</span> <span class='ocrx_word' id='word_1_39' title='bbox 380 1043 554 1110; x_wconf 83' lang='lat' dir='ltr'>animam</span> <span class='ocrx_word' id='word_1_40' title='bbox 574 1039 798 1117; x_wconf 83' lang='lat' dir='ltr'>constituit3</span> <span class='ocrx_word' id='word_1_41' title='bbox 812 1041 868 1126; x_wconf 82' lang='lat' dir='ltr'>est</span> <span class='ocrx_word' id='word_1_42' title='bbox 887 1042 1017 1100; x_wconf 87' lang='lat' dir='ltr'>autem</span> <span class='ocrx_word' id='word_1_43' title='bbox 1039 1036 1133 1098; x_wconf 86' lang='lat' dir='ltr'>haec</span> <span class='ocrx_word' id='word_1_44' title='bbox 1155 1032 1310 1116; x_wconf 79' lang='lat' dir='ltr'>duplex,</span> 
     </span>
     <span class='ocr_line' id='line_1_8' title="bbox 259 1137 1311 1228; baseline -0.005 -21"><span class='ocrx_word' id='word_1_45' title='bbox 259 1145 478 1217; x_wconf 78' lang='lat' dir='ltr'>rationalis</span> <span class='ocrx_word' id='word_1_46' title='bbox 509 1150 547 1214; x_wconf 84' lang='lat' dir='ltr'>et</span> <span class='ocrx_word' id='word_1_47' title='bbox 575 1142 763 1228; x_wconf 88' lang='lat' dir='ltr'>physica,</span> <span class='ocrx_word' id='word_1_48' title='bbox 788 1146 919 1224; x_wconf 83' lang='lat' dir='ltr'>estque</span> <span class='ocrx_word' id='word_1_49' title='bbox 957 1141 1080 1214; x_wconf 81' lang='lat' dir='ltr'>haec,</span> <span class='ocrx_word' id='word_1_50' title='bbox 1104 1137 1311 1214; x_wconf 83' lang='lat' dir='ltr'>desideriis</span> 
     </span>
     <span class='ocr_line' id='line_1_9' title="bbox 192 1241 1308 1329; baseline 0 -17"><span class='ocrx_word' id='word_1_51' title='bbox 192 1315 194 1318; x_wconf 73' lang='grc'><strong>,</strong></span> <span class='ocrx_word' id='word_1_52' title='bbox 256 1251 415 1328; x_wconf 75' lang='lat' dir='ltr'>tantum</span> <span class='ocrx_word' id='word_1_53' title='bbox 451 1254 489 1311; x_wconf 90' lang='lat' dir='ltr'>et</span> <span class='ocrx_word' id='word_1_54' title='bbox 521 1241 787 1320; x_wconf 81' lang='lat' dir='ltr'>aversionibus</span> <span class='ocrx_word' id='word_1_55' title='bbox 824 1243 1006 1327; x_wconf 83' lang='lat' dir='ltr'>agitata,</span> <span class='ocrx_word' id='word_1_56' title='bbox 1028 1243 1177 1328; x_wconf 84' lang='lat' dir='ltr'><strong>priori,</strong></span> <span class='ocrx_word' id='word_1_57' title='bbox 1209 1261 1308 1329; x_wconf 80' lang='lat' dir='ltr'>quaa</span> 
     </span>
     <span class='ocr_line' id='line_1_10' title="bbox 257 1348 1310 1435; baseline 0.002 -23"><span class='ocrx_word' id='word_1_58' title='bbox 257 1349 309 1412; x_wconf 86' lang='lat' dir='ltr'>ad</span> <span class='ocrx_word' id='word_1_59' title='bbox 328 1351 550 1428; x_wconf 85' lang='lat' dir='ltr'>libertatem</span> <span class='ocrx_word' id='word_1_60' title='bbox 575 1348 725 1424; x_wconf 86' lang='lat' dir='ltr'>tendit,</span> <span class='ocrx_word' id='word_1_61' title='bbox 748 1348 940 1432; x_wconf 84' lang='lat' dir='ltr'>opposita.</span> <span class='ocrx_word' id='word_1_62' title='bbox 985 1349 1138 1422; x_wconf 73' lang='lat' dir='ltr'>coaluit</span> <span class='ocrx_word' id='word_1_63' title='bbox 1170 1367 1310 1435; x_wconf 86' lang='lat' dir='ltr'>corpus</span> 
     </span>
     <span class='ocr_line' id='line_1_11' title="bbox 158 1454 1306 1542; baseline -0.002 -22"><span class='ocrx_word' id='word_1_64' title='bbox 158 1522 160 1526; x_wconf 79' lang='grc'>,</span> <span class='ocrx_word' id='word_1_65' title='bbox 198 1469 200 1474; x_wconf 87' lang='grc'><strong><em>·</em></strong></span> <span class='ocrx_word' id='word_1_66' title='bbox 255 1463 434 1526; x_wconf 84' lang='lat' dir='ltr'>nostrum</span> <span class='ocrx_word' id='word_1_67' title='bbox 456 1477 475 1520; x_wconf 94' lang='lat' dir='ltr'>e</span> <span class='ocrx_word' id='word_1_68' title='bbox 496 1455 768 1523; x_wconf 79' lang='lat' dir='ltr'>subtilissimis</span> <span class='ocrx_word' id='word_1_69' title='bbox 792 1456 1094 1540; x_wconf 62' lang='lat' dir='ltr'>elementaribus</span> <span class='ocrx_word' id='word_1_70' title='bbox 1113 1454 1306 1542; x_wconf 82' lang='lat' dir='ltr'>trigonis,</span> 
     </span>
     <span class='ocr_line' id='line_1_12' title="bbox 254 1549 1306 1648; baseline -0.004 -21"><span class='ocrx_word' id='word_1_71' title='bbox 254 1561 359 1647; x_wconf 82' lang='lat' dir='ltr'>ignis</span> <span class='ocrx_word' id='word_1_72' title='bbox 379 1557 689 1646; x_wconf 79' lang='lat' dir='ltr'>pyramidalibus</span> <span class='ocrx_word' id='word_1_73' title='bbox 711 1559 847 1646; x_wconf 85' lang='lat' dir='ltr'>figuris</span> <span class='ocrx_word' id='word_1_74' title='bbox 868 1560 1086 1638; x_wconf 89' lang='lat' dir='ltr'>similibus,</span> <span class='ocrx_word' id='word_1_75' title='bbox 1099 1581 1194 1648; x_wconf 92' lang='lat' dir='ltr'>quae</span> <span class='ocrx_word' id='word_1_76' title='bbox 1215 1549 1306 1626; x_wconf 54' lang='lat' dir='ltr'>daea</span> 
     </span>
     <span class='ocr_line' id='line_1_13' title="bbox 253 1659 1307 1752; baseline -0.001 -21"><span class='ocrx_word' id='word_1_77' title='bbox 253 1685 348 1737; x_wconf 87' lang='lat' dir='ltr'>mon</span> <span class='ocrx_word' id='word_1_78' title='bbox 379 1665 427 1730; x_wconf 87' lang='lat' dir='ltr'>ad</span> <span class='ocrx_word' id='word_1_79' title='bbox 457 1668 675 1750; x_wconf 73' lang='lat' dir='ltr'>sapientem</span> <span class='ocrx_word' id='word_1_80' title='bbox 710 1685 911 1748; x_wconf 88' lang='lat' dir='ltr'>supremae</span> <span class='ocrx_word' id='word_1_81' title='bbox 950 1667 1117 1744; x_wconf 80' lang='lat' dir='ltr'>rationis</span> <span class='ocrx_word' id='word_1_82' title='bbox 1147 1659 1307 1752; x_wconf 82' lang='lat' dir='ltr'>scopum</span> 
     </span>
     <span class='ocr_line' id='line_1_14' title="bbox 255 1757 1307 1858; baseline -0.004 -24"><span class='ocrx_word' id='word_1_83' title='bbox 255 1770 484 1836; x_wconf 85' lang='lat' dir='ltr'>construxit.</span> <span class='ocrx_word' id='word_1_84' title='bbox 528 1757 685 1858; x_wconf 82' lang='lat' dir='ltr'>Residet</span> <span class='ocrx_word' id='word_1_85' title='bbox 717 1770 850 1834; x_wconf 88' lang='lat' dir='ltr'>anima</span> <span class='ocrx_word' id='word_1_86' title='bbox 880 1770 923 1834; x_wconf 92' lang='lat' dir='ltr'>in</span> <span class='ocrx_word' id='word_1_87' title='bbox 952 1768 1124 1835; x_wconf 77' lang='lat' dir='ltr'>medulla</span> <span class='ocrx_word' id='word_1_88' title='bbox 1145 1776 1183 1835; x_wconf 89' lang='lat' dir='ltr'>et</span> <span class='ocrx_word' id='word_1_89' title='bbox 1205 1789 1307 1835; x_wconf 62' lang='lat' dir='ltr'>cere-</span> 
     </span>
     <span class='ocr_line' id='line_1_15' title="bbox 252 1872 1305 1964; baseline -0.004 -24"><span class='ocrx_word' id='word_1_90' title='bbox 252 1873 348 1954; x_wconf 81' lang='lat' dir='ltr'>br03</span> <span class='ocrx_word' id='word_1_91' title='bbox 370 1877 454 1940; x_wconf 86' lang='lat' dir='ltr'>vita</span> <span class='ocrx_word' id='word_1_92' title='bbox 476 1875 657 1939; x_wconf 84' lang='lat' dir='ltr'>consistit</span> <span class='ocrx_word' id='word_1_93' title='bbox 676 1873 720 1938; x_wconf 90' lang='lat' dir='ltr'>in</span> <span class='ocrx_word' id='word_1_94' title='bbox 749 1874 839 1960; x_wconf 82' lang='lat' dir='ltr'>igne</span> <span class='ocrx_word' id='word_1_95' title='bbox 863 1879 902 1939; x_wconf 87' lang='lat' dir='ltr'>et</span> <span class='ocrx_word' id='word_1_96' title='bbox 919 1880 1149 1964; x_wconf 77' lang='lat' dir='ltr'>pneumate,</span> <span class='ocrx_word' id='word_1_97' title='bbox 1171 1880 1211 1950; x_wconf 81' lang='lat' dir='ltr'>et</span> <span class='ocrx_word' id='word_1_98' title='bbox 1231 1872 1305 1937; x_wconf 90' lang='lat' dir='ltr'>ali-</span> 
     </span>
     <span class='ocr_line' id='line_1_16' title="bbox 252 1979 1304 2066; baseline 0.004 -22"><span class='ocrx_word' id='word_1_99' title='bbox 252 1986 318 2048; x_wconf 89' lang='lat' dir='ltr'>tur</span> <span class='ocrx_word' id='word_1_100' title='bbox 336 1981 404 2045; x_wconf 87' lang='lat' dir='ltr'>ille</span> <span class='ocrx_word' id='word_1_101' title='bbox 423 2002 491 2066; x_wconf 89' lang='lat' dir='ltr'>per</span> <span class='ocrx_word' id='word_1_102' title='bbox 510 1980 679 2047; x_wconf 89' lang='lat' dir='ltr'>calorem</span> <span class='ocrx_word' id='word_1_103' title='bbox 698 1981 923 2066; x_wconf 83' lang='lat' dir='ltr'>sanguinis3</span> <span class='ocrx_word' id='word_1_104' title='bbox 943 1981 1048 2065; x_wconf 82' lang='lat' dir='ltr'>ignis</span> <span class='ocrx_word' id='word_1_105' title='bbox 1069 1979 1173 2046; x_wconf 90' lang='lat' dir='ltr'>idem</span> <span class='ocrx_word' id='word_1_106' title='bbox 1198 1979 1304 2048; x_wconf 79' lang='lat' dir='ltr'>cibos</span> 
     </span>
     <span class='ocr_line' id='line_1_17' title="bbox 211 2083 1304 2170; baseline -0.002 -22"><span class='ocrx_word' id='word_1_107' title='bbox 211 2159 212 2162; x_wconf 8' lang='grc' dir='ltr'><strong>Ἴ</strong></span> <span class='ocrx_word' id='word_1_108' title='bbox 252 2083 417 2148; x_wconf 87' lang='lat' dir='ltr'>resolvit</span> <span class='ocrx_word' id='word_1_109' title='bbox 442 2091 480 2148; x_wconf 81' lang='lat' dir='ltr'>et</span> <span class='ocrx_word' id='word_1_110' title='bbox 499 2083 665 2170; x_wconf 84' lang='lat' dir='ltr'>digerit,</span> <span class='ocrx_word' id='word_1_111' title='bbox 687 2085 824 2149; x_wconf 88' lang='lat' dir='ltr'>u&#39;nitur</span> <span class='ocrx_word' id='word_1_112' title='bbox 844 2103 932 2163; x_wconf 84' lang='lat' dir='ltr'>cum</span> <span class='ocrx_word' id='word_1_113' title='bbox 959 2084 1137 2152; x_wconf 86' lang='lat' dir='ltr'>nutritiis</span> <span class='ocrx_word' id='word_1_114' title='bbox 1164 2084 1304 2150; x_wconf 85' lang='lat' dir='ltr'>humo-</span> 
     </span>
     <span class='ocr_line' id='line_1_18' title="bbox 249 2177 1305 2272; baseline 0.004 -23"><span class='ocrx_word' id='word_1_115' title='bbox 249 2185 381 2260; x_wconf 85' lang='lat' dir='ltr'>ribus,</span> <span class='ocrx_word' id='word_1_116' title='bbox 404 2187 552 2254; x_wconf 80' lang='lat' dir='ltr'>abitio</span> <span class='ocrx_word' id='word_1_117' title='bbox 585 2189 770 2272; x_wconf 88' lang='lat' dir='ltr'>spiritum</span> <span class='ocrx_word' id='word_1_118' title='bbox 799 2177 1004 2252; x_wconf 83' lang='lat' dir='ltr'>volatilem&#39;</span> <span class='ocrx_word' id='word_1_119' title='bbox 1033 2193 1071 2251; x_wconf 90' lang='lat' dir='ltr'>et</span> <span class='ocrx_word' id='word_1_120' title='bbox 1098 2187 1305 2254; x_wconf 83' lang='lat' dir='ltr'>distribui·</span> 
     </span>
     <span class='ocr_line' id='line_1_19' title="bbox 247 2289 1305 2384; baseline 0.004 -33"><span class='ocrx_word' id='word_1_121' title='bbox 247 2292 315 2384; x_wconf 77' lang='lat' dir='ltr'>tur</span> <span class='ocrx_word' id='word_1_122' title='bbox 333 2309 401 2372; x_wconf 87' lang='lat' dir='ltr'>per</span> <span class='ocrx_word' id='word_1_123' title='bbox 423 2291 647 2356; x_wconf 82' lang='lat' dir='ltr'>universum</span> <span class='ocrx_word' id='word_1_124' title='bbox 670 2308 816 2372; x_wconf 72' lang='lat' dir='ltr'>corpus,</span> <span class='ocrx_word' id='word_1_125' title='bbox 837 2289 947 2357; x_wconf 88' lang='lat' dir='ltr'>Visus</span> <span class='ocrx_word' id='word_1_126' title='bbox 965 2295 1022 2354; x_wconf 90' lang='lat' dir='ltr'>est</span> <span class='ocrx_word' id='word_1_127' title='bbox 1041 2310 1173 2355; x_wconf 83' lang='lat' dir='ltr'>sensus</span> <span class='ocrx_word' id='word_1_128' title='bbox 1192 2312 1305 2376; x_wconf 85' lang='lat' dir='ltr'>prae·¹</span> 
     </span>
     <span class='ocr_line' id='line_1_20' title="bbox 250 2391 1303 2492; baseline 0.012 -39"><span class='ocrx_word' id='word_1_129' title='bbox 250 2391 404 2492; x_wconf 79' lang='lat' dir='ltr'>cipuus3</span> <span class='ocrx_word' id='word_1_130' title='bbox 426 2395 604 2478; x_wconf 77' lang='lat' dir='ltr'>videmus</span> <span class='ocrx_word' id='word_1_131' title='bbox 629 2401 759 2460; x_wconf 90' lang='lat' dir='ltr'>autem</span> <span class='ocrx_word' id='word_1_132' title='bbox 782 2402 873 2459; x_wconf 89' lang='lat' dir='ltr'>tunc</span> <span class='ocrx_word' id='word_1_133' title='bbox 885 2435 897 2475; x_wconf 66' lang='lat'><em>2</em></span> <span class='ocrx_word' id='word_1_134' title='bbox 919 2394 988 2460; x_wconf 91' lang='lat' dir='ltr'>ubi</span> <span class='ocrx_word' id='word_1_135' title='bbox 1022 2393 1225 2464; x_wconf 87' lang='lat' dir='ltr'>dimanans</span> <span class='ocrx_word' id='word_1_136' title='bbox 1256 2420 1303 2466; x_wconf 82' lang='lat' dir='ltr'>ex</span> 
     </span>
     <span class='ocr_line' id='line_1_21' title="bbox 249 2494 1301 2576; baseline 0.005 -18"><span class='ocrx_word' id='word_1_137' title='bbox 249 2494 371 2560; x_wconf 90' lang='lat' dir='ltr'>oculis</span> <span class='ocrx_word' id='word_1_138' title='bbox 395 2497 460 2562; x_wconf 83' lang='lat' dir='ltr'>lux</span> <span class='ocrx_word' id='word_1_139' title='bbox 484 2517 570 2576; x_wconf 83' lang='lat' dir='ltr'>cum</span> <span class='ocrx_word' id='word_1_140' title='bbox 596 2498 746 2562; x_wconf 90' lang='lat' dir='ltr'>lumine</span> <span class='ocrx_word' id='word_1_141' title='bbox 766 2496 868 2572; x_wconf 89' lang='lat' dir='ltr'>diei,</span> <span class='ocrx_word' id='word_1_142' title='bbox 891 2497 970 2561; x_wconf 90' lang='lat' dir='ltr'>sibi</span> <span class='ocrx_word' id='word_1_143' title='bbox 999 2495 1123 2562; x_wconf 85' lang='lat' dir='ltr'>adfini</span> <span class='ocrx_word' id='word_1_144' title='bbox 1143 2501 1301 2576; x_wconf 85' lang='lat' dir='ltr'>unitur,</span> 
     </span>
     <span class='ocr_line' id='line_1_22' title="bbox 247 2595 1302 2684; baseline 0.01 -26"><span class='ocrx_word' id='word_1_145' title='bbox 247 2595 365 2684; x_wconf 80' lang='lat' dir='ltr'>inque</span> <span class='ocrx_word' id='word_1_146' title='bbox 385 2600 557 2668; x_wconf 87' lang='lat' dir='ltr'>solidum</span> <span class='ocrx_word' id='word_1_147' title='bbox 577 2599 760 2665; x_wconf 89' lang='lat' dir='ltr'>coalescit</span> <span class='ocrx_word' id='word_1_148' title='bbox 782 2617 940 2680; x_wconf 69' lang='lat' dir='ltr'>corpuss</span> <span class='ocrx_word' id='word_1_149' title='bbox 956 2595 1113 2665; x_wconf 82' lang='lat' dir='ltr'>absente</span> <span class='ocrx_word' id='word_1_150' title='bbox 1136 2603 1219 2666; x_wconf 91' lang='lat' dir='ltr'>luce</span> <span class='ocrx_word' id='word_1_151' title='bbox 1240 2603 1302 2670; x_wconf 74' lang='lat' dir='ltr'>‹li-,</span> 
     </span>
     <span class='ocr_line' id='line_1_23' title="bbox 150 2700 1302 2787; baseline 0.005 -21"><span class='ocrx_word' id='word_1_152' title='bbox 150 2709 152 2716; x_wconf 83' lang='grc'><em>’</em></span> <span class='ocrx_word' id='word_1_153' title='bbox 245 2717 345 2766; x_wconf 86' lang='lat' dir='ltr'>urna</span> <span class='ocrx_word' id='word_1_154' title='bbox 365 2719 409 2767; x_wconf 83' lang='lat' dir='ltr'>ex</span> <span class='ocrx_word' id='word_1_155' title='bbox 432 2725 476 2767; x_wconf 90' lang='lat' dir='ltr'>eo</span> <span class='ocrx_word' id='word_1_156' title='bbox 498 2723 577 2766; x_wconf 94' lang='lat' dir='ltr'>non</span> <span class='ocrx_word' id='word_1_157' title='bbox 598 2701 801 2787; x_wconf 85' lang='lat' dir='ltr'>videmus,</span> <span class='ocrx_word' id='word_1_158' title='bbox 826 2700 928 2785; x_wconf 93' lang='lat' dir='ltr'>quod</span> <span class='ocrx_word' id='word_1_159' title='bbox 946 2704 1147 2787; x_wconf 85' lang='lat' dir='ltr'>proprium</span> <span class='ocrx_word' id='word_1_160' title='bbox 1169 2708 1302 2772; x_wconf 87' lang='lat' dir='ltr'>oculo-</span> 
     </span>
     <span class='ocr_line' id='line_1_24' title="bbox 172 2785 1300 2887; baseline 0.005 -22"><span class='ocrx_word' id='word_1_161' title='bbox 172 2785 175 2792; x_wconf 34' lang='lat'><em>*</em></span> <span class='ocrx_word' id='word_1_162' title='bbox 245 2825 336 2873; x_wconf 79' lang='lat' dir='ltr'>rum</span> <span class='ocrx_word' id='word_1_163' title='bbox 355 2806 487 2868; x_wconf 90' lang='lat' dir='ltr'>lumen</span> <span class='ocrx_word' id='word_1_164' title='bbox 512 2801 649 2866; x_wconf 83' lang='lat' dir='ltr'>effluat</span> <span class='ocrx_word' id='word_1_165' title='bbox 662 2841 672 2876; x_wconf 90' lang='lat'>,</span> <span class='ocrx_word' id='word_1_166' title='bbox 685 2801 838 2886; x_wconf 84' lang='lat' dir='ltr'>sibique</span> <span class='ocrx_word' id='word_1_167' title='bbox 861 2791 989 2878; x_wconf 81' lang='lat' dir='ltr'>adfine</span> <span class='ocrx_word' id='word_1_168' title='bbox 1007 2825 1085 2872; x_wconf 88' lang='lat' dir='ltr'>non</span> <span class='ocrx_word' id='word_1_169' title='bbox 1107 2804 1300 2887; x_wconf 69' lang='lat' dir='ltr'>inveniatr</span> 
     </span>
     <span class='ocr_line' id='line_1_25' title="bbox 247 2903 1298 2990; baseline 0.004 -20"><span class='ocrx_word' id='word_1_170' title='bbox 247 2913 380 2974; x_wconf 87' lang='lat' dir='ltr'>arcent</span> <span class='ocrx_word' id='word_1_171' title='bbox 398 2907 607 2989; x_wconf 80' lang='lat' dir='ltr'>palpebrae</span> <span class='ocrx_word' id='word_1_172' title='bbox 627 2903 789 2969; x_wconf 86' lang='lat' dir='ltr'>luminis</span> <span class='ocrx_word' id='word_1_173' title='bbox 810 2905 1085 2990; x_wconf 70' lang='lat' dir='ltr'>dispendium</span> <span class='ocrx_word' id='word_1_174' title='bbox 1108 2928 1194 2973; x_wconf 91' lang='lat' dir='ltr'>cum</span> <span class='ocrx_word' id='word_1_175' title='bbox 1214 2929 1298 2975; x_wconf 88' lang='lat' dir='ltr'>cor·</span> 
     </span>
     <span class='ocr_line' id='line_1_26' title="bbox 244 2999 1355 3100; baseline 0.005 -25"><span class='ocrx_word' id='word_1_176' title='bbox 244 3031 316 3096; x_wconf 91' lang='lat' dir='ltr'>pus</span> <span class='ocrx_word' id='word_1_177' title='bbox 343 3001 400 3076; x_wconf 76' lang='lat' dir='ltr'>¹sit</span> <span class='ocrx_word' id='word_1_178' title='bbox 429 3011 651 3098; x_wconf 80' lang='lat' dir='ltr'>oppositum</span> <span class='ocrx_word' id='word_1_179' title='bbox 676 3009 908 3100; x_wconf 14' lang='lat' dir='ltr'>obiectisxet</span> <span class='ocrx_word' id='word_1_180' title='bbox 937 3011 1068 3078; x_wconf 89' lang='lat' dir='ltr'>oculus</span> <span class='ocrx_word' id='word_1_181' title='bbox 1098 3015 1297 3097; x_wconf 86' lang='lat' dir='ltr'>speculum</span> <span class='ocrx_word' id='word_1_182' title='bbox 1351 2999 1355 3009; x_wconf 40' lang='lat'>⁸</span> 
     </span>
     <span class='ocr_line' id='line_1_27' title="bbox 245 3115 1297 3207; baseline -0.002 -25"><span class='ocrx_word' id='word_1_183' title='bbox 245 3117 299 3182; x_wconf 84' lang='lat' dir='ltr'>sit</span> <span class='ocrx_word' id='word_1_184' title='bbox 321 3136 557 3190; x_wconf 84' lang='lat' dir='ltr'>convexum,</span> <span class='ocrx_word' id='word_1_185' title='bbox 582 3116 731 3180; x_wconf 86' lang='lat' dir='ltr'>inverse</span> <span class='ocrx_word' id='word_1_186' title='bbox 762 3115 960 3191; x_wconf 89' lang='lat' dir='ltr'>videmus,</span> <span class='ocrx_word' id='word_1_187' title='bbox 984 3124 1022 3180; x_wconf 89' lang='lat' dir='ltr'>et</span> <span class='ocrx_word' id='word_1_188' title='bbox 1047 3115 1297 3207; x_wconf 81' lang='lat' dir='ltr'>decussantur.</span> 
     </span>
     <span class='ocr_line' id='line_1_28' title="bbox 245 3217 1296 3308; baseline 0.001 -22"><span class='ocrx_word' id='word_1_189' title='bbox 245 3217 362 3286; x_wconf 79' lang='lat' dir='ltr'>radii.</span> <span class='ocrx_word' id='word_1_190' title='bbox 405 3219 523 3283; x_wconf 88' lang='lat' dir='ltr'>Sonus</span> <span class='ocrx_word' id='word_1_191' title='bbox 544 3217 668 3284; x_wconf 86' lang='lat' dir='ltr'>oritur</span> <span class='ocrx_word' id='word_1_192' title='bbox 690 3217 738 3282; x_wconf 92' lang='lat' dir='ltr'>ab</span> <span class='ocrx_word' id='word_1_193' title='bbox 762 3219 864 3284; x_wconf 86' lang='lat' dir='ltr'>a&#39;e&#39;ris</span> <span class='ocrx_word' id='word_1_194' title='bbox 887 3220 1173 3296; x_wconf 86' lang='lat' dir='ltr'>commotione,</span> <span class='ocrx_word' id='word_1_195' title='bbox 1196 3240 1296 3308; x_wconf 87' lang='lat' dir='ltr'>quae</span> 
     </span>
     <span class='ocr_line' id='line_1_29' title="bbox 245 3313 1297 3407; baseline 0.004 -21"><span class='ocrx_word' id='word_1_196' title='bbox 245 3323 423 3396; x_wconf 86' lang='lat' dir='ltr'>cerebro,</span> <span class='ocrx_word' id='word_1_197' title='bbox 446 3322 628 3407; x_wconf 80' lang='lat' dir='ltr'>sanguini</span> <span class='ocrx_word' id='word_1_198' title='bbox 652 3326 691 3386; x_wconf 87' lang='lat' dir='ltr'>et</span> <span class='ocrx_word' id='word_1_199' title='bbox 719 3321 874 3386; x_wconf 89' lang='lat' dir='ltr'>animae</span> <span class='ocrx_word' id='word_1_200' title='bbox 904 3313 1232 3400; x_wconf 67' lang='lat' dir='ltr'>communicatur,</span> <span class='ocrx_word' id='word_1_201' title='bbox 1256 3329 1297 3390; x_wconf 87' lang='lat' dir='ltr'>et</span> 
     </span>
     <span class='ocr_line' id='line_1_30' title="bbox 243 3422 1296 3516; baseline 0.007 -29"><span class='ocrx_word' id='word_1_202' title='bbox 243 3426 370 3490; x_wconf 86' lang='lat' dir='ltr'>oritur</span> <span class='ocrx_word' id='word_1_203' title='bbox 392 3422 482 3488; x_wconf 91' lang='lat' dir='ltr'>inde</span> <span class='ocrx_word' id='word_1_204' title='bbox 505 3432 652 3516; x_wconf 79' lang='lat' dir='ltr'>motus,</span> <span class='ocrx_word' id='word_1_205' title='bbox 676 3425 718 3487; x_wconf 87' lang='lat' dir='ltr'>in</span> <span class='ocrx_word' id='word_1_206' title='bbox 751 3424 905 3489; x_wconf 86' lang='lat' dir='ltr'>cerebro</span> <span class='ocrx_word' id='word_1_207' title='bbox 935 3425 1153 3510; x_wconf 77' lang='lat' dir='ltr'>incipiens,</span> <span class='ocrx_word' id='word_1_208' title='bbox 1176 3428 1296 3514; x_wconf 89' lang='lat' dir='ltr'>inque</span> 
     </span>
     <span class='ocr_line' id='line_1_31' title="bbox 240 3523 1293 3614; baseline 0.006 -22"><span class='ocrx_word' id='word_1_209' title='bbox 240 3524 366 3610; x_wconf 78' lang='lat' dir='ltr'>hepar</span> <span class='ocrx_word' id='word_1_210' title='bbox 404 3548 522 3614; x_wconf 89' lang='lat' dir='ltr'>usque</span> <span class='ocrx_word' id='word_1_211' title='bbox 551 3523 809 3614; x_wconf 80' lang='lat' dir='ltr'>propagatus,</span> <span class='ocrx_word' id='word_1_212' title='bbox 842 3547 917 3611; x_wconf 87' lang='lat' dir='ltr'>quo</span> <span class='ocrx_word' id='word_1_213' title='bbox 948 3528 1149 3611; x_wconf 80' lang='lat' dir='ltr'>audimus3</span> <span class='ocrx_word' id='word_1_214' title='bbox 1178 3534 1293 3614; x_wconf 80' lang='lat' dir='ltr'>velox</span> 
     </span>
     <span class='ocr_line' id='line_1_32' title="bbox 244 3625 1293 3717; baseline 0.008 -25"><span class='ocrx_word' id='word_1_215' title='bbox 244 3629 345 3694; x_wconf 67' lang='lat' dir='ltr'>airis</span> <span class='ocrx_word' id='word_1_216' title='bbox 377 3631 588 3698; x_wconf 86' lang='lat' dir='ltr'>commotio</span> <span class='ocrx_word' id='word_1_217' title='bbox 611 3625 766 3704; x_wconf 84' lang='lat' dir='ltr'>¹altum,</span> <span class='ocrx_word' id='word_1_218' title='bbox 790 3635 828 3693; x_wconf 86' lang='lat' dir='ltr'>et</span> <span class='ocrx_word' id='word_1_219' title='bbox 848 3629 962 3696; x_wconf 88' lang='lat' dir='ltr'>tarda</span> <span class='ocrx_word' id='word_1_220' title='bbox 980 3643 1136 3717; x_wconf 78' lang='lat' dir='ltr'>gravem</span> <span class='ocrx_word' id='word_1_221' title='bbox 1163 3629 1293 3701; x_wconf 84' lang='lat' dir='ltr'>efficit</span> 
     </span>
     <span class='ocr_line' id='line_1_33' title="bbox 241 3717 1352 3824; baseline 0.003 -28"><span class='ocrx_word' id='word_1_222' title='bbox 241 3736 404 3797; x_wconf 75' lang='lat' dir='ltr'>tonum·</span> <span class='ocrx_word' id='word_1_223' title='bbox 443 3733 625 3818; x_wconf 80' lang='lat' dir='ltr'>Saporem</span> <span class='ocrx_word' id='word_1_224' title='bbox 666 3731 933 3818; x_wconf 87' lang='lat' dir='ltr'>percipimus,</span> <span class='ocrx_word' id='word_1_225' title='bbox 963 3735 1037 3824; x_wconf 76' lang='lat' dir='ltr'>ubi¹</span> <span class='ocrx_word' id='word_1_226' title='bbox 1074 3717 1352 3820; x_wconf 74' lang='lat' dir='ltr'>particulae·¹</span> 
     </span>
     <span class='ocr_line' id='line_1_34' title="bbox 240 3833 1292 3930; baseline 0.008 -32"><span class='ocrx_word' id='word_1_227' title='bbox 240 3833 400 3917; x_wconf 81' lang='lat' dir='ltr'>sapidae</span> <span class='ocrx_word' id='word_1_228' title='bbox 418 3835 672 3930; x_wconf 67' lang='lat' dir='ltr'>asubtilibus</span> <span class='ocrx_word' id='word_1_229' title='bbox 694 3835 850 3918; x_wconf 84' lang='lat' dir='ltr'>linguae</span> <span class='ocrx_word' id='word_1_230' title='bbox 871 3837 1023 3902; x_wconf 86' lang='lat' dir='ltr'>venulis</span> <span class='ocrx_word' id='word_1_231' title='bbox 1047 3837 1292 3923; x_wconf 86' lang='lat' dir='ltr'>recipiuntur</span> 
     </span>
     <span class='ocr_line' id='line_1_35' title="bbox 241 3937 1369 4016; baseline 0.007 -16"><span class='ocrx_word' id='word_1_232' title='bbox 241 3937 341 4002; x_wconf 88' lang='lat' dir='ltr'>etin</span> <span class='ocrx_word' id='word_1_233' title='bbox 363 3957 428 4002; x_wconf 88' lang='lat' dir='ltr'>cor</span> <span class='ocrx_word' id='word_1_234' title='bbox 447 3938 683 4004; x_wconf 84' lang='lat' dir='ltr'>deferuntur.</span> <span class='ocrx_word' id='word_1_235' title='bbox 727 3937 870 4003; x_wconf 85' lang='lat' dir='ltr'>Odores</span> <span class='ocrx_word' id='word_1_236' title='bbox 895 3944 1105 4004; x_wconf 88' lang='lat' dir='ltr'>nascuntur</span> <span class='ocrx_word' id='word_1_237' title='bbox 1117 3982 1129 4016; x_wconf 86' lang='lat'>,</span> <span class='ocrx_word' id='word_1_238' title='bbox 1150 3941 1219 4007; x_wconf 88' lang='lat' dir='ltr'>ubi</span> <span class='ocrx_word' id='word_1_239' title='bbox 1240 3964 1290 4010; x_wconf 84' lang='lat' dir='ltr'>,e·</span> <span class='ocrx_word' id='word_1_240' title='bbox 1366 3984 1369 3993; x_wconf 90' lang='lat'>·</span> 
     </span>
     <span class='ocr_line' id='line_1_36' title="bbox 240 4029 1289 4128; baseline 0.007 -27"><span class='ocrx_word' id='word_1_241' title='bbox 240 4037 455 4106; x_wconf 84' lang='lat' dir='ltr'>lamentum</span> <span class='ocrx_word' id='word_1_242' title='bbox 477 4029 598 4104; x_wconf 86' lang='lat' dir='ltr'>unum</span> <span class='ocrx_word' id='word_1_243' title='bbox 619 4039 662 4103; x_wconf 87' lang='lat' dir='ltr'>in</span> <span class='ocrx_word' id='word_1_244' title='bbox 691 4038 798 4103; x_wconf 89' lang='lat' dir='ltr'>aliud</span> <span class='ocrx_word' id='word_1_245' title='bbox 828 4042 992 4118; x_wconf 87' lang='lat' dir='ltr'>transit,</span> <span class='ocrx_word' id='word_1_246' title='bbox 1016 4039 1119 4128; x_wconf 90' lang='lat' dir='ltr'>quod</span> <span class='ocrx_word' id='word_1_247' title='bbox 1145 4044 1215 4109; x_wconf 92' lang='lat' dir='ltr'>sub</span> <span class='ocrx_word' id='word_1_248' title='bbox 1237 4044 1289 4108; x_wconf 89' lang='lat' dir='ltr'>li·</span> 
     </span>
     <span class='ocr_line' id='line_1_37' title="bbox 206 4142 1341 4230; baseline 0.011 -27"><span class='ocrx_word' id='word_1_249' title='bbox 206 4142 519 4230; x_wconf 45' lang='lat' dir='ltr'>·quefactlone,</span> <span class='ocrx_word' id='word_1_250' title='bbox 560 4142 862 4210; x_wconf 83' lang='lat' dir='ltr'>fermentatione</span> <span class='ocrx_word' id='word_1_251' title='bbox 903 4149 941 4210; x_wconf 86' lang='lat' dir='ltr'>et</span> <span class='ocrx_word' id='word_1_252' title='bbox 980 4148 1288 4230; x_wconf 79' lang='lat' dir='ltr'>evaporatione,</span> <span class='ocrx_word' id='word_1_253' title='bbox 1336 4171 1341 4182; x_wconf 85' lang='lat'><strong>·</strong></span> 
     </span>
    </p>
   </div>
   <div class='ocr_carea' id='block_1_3' title="bbox 231 4239 1287 4376">
    <p class='ocr_par' dir='ltr' id='par_1_3' title="bbox 231 4239 1287 4376">
     <span class='ocr_line' id='line_1_38' title="bbox 231 4239 1287 4376; baseline 0.009 -68"><span class='ocrx_word' id='word_1_254' title='bbox 231 4239 454 4334; x_wconf 82' lang='lat' dir='ltr'>dumaqua</span> <span class='ocrx_word' id='word_1_255' title='bbox 473 4247 515 4314; x_wconf 88' lang='lat' dir='ltr'>in</span> <span class='ocrx_word' id='word_1_256' title='bbox 534 4248 663 4376; x_wconf 69' lang='lat' dir='ltr'>altrepa</span> <span class='ocrx_word' id='word_1_257' title='bbox 687 4248 853 4326; x_wconf 81' lang='lat' dir='ltr'>transit,</span> <span class='ocrx_word' id='word_1_258' title='bbox 877 4255 917 4316; x_wconf 82' lang='lat' dir='ltr'>et</span> <span class='ocrx_word' id='word_1_259' title='bbox 948 4248 1126 4318; x_wconf 80' lang='lat' dir='ltr'>vicissim</span> <span class='ocrx_word' id='word_1_260' title='bbox 1157 4259 1287 4320; x_wconf 87' lang='lat' dir='ltr'>muta-</span> 
     </span>
    </p>
   </div>
   <div class='ocr_carea' id='block_1_4' title="bbox 0 0 1464 4998">
    <p class='ocr_par' dir='ltr' id='par_1_4' title="bbox 0 0 1464 4998">
     <span class='ocr_line' id='line_1_39' title="bbox 0 0 1464 4998; baseline 0 8"><span class='ocrx_word' id='word_1_261' title='bbox 0 0 1464 4998; x_wconf 95' lang='lat' dir='ltr'> </span> 
     </span>
    </p>
   </div>
  </div>
 </body>
</html>
