2936 4998
224 389 228 396 ,
297 408 300 416 ,
348 346 508 442 Saos-1·
534 345 962 414 Derrrnonuerroas.
1138 357 1200 424 281
1283 339 1286 346 ’

157 492 195 556 at
204 487 296 553 solis
318 491 522 574 exponitur
542 485 817 567 radiis‚·rursus
836 497 1094 575 regeneratur.
1115 498 1204 562 Ma·

159 612 235 678 gna
266 589 404 657 etiam
425 599 482 658 est
510 593 812 676 regenerationis
851 594 909 659 vis
942 595 985 660 in
1015 598 1203 674 Actiniis,

108 741 111 748 -
157 697 319 764 Asteriis
352 703 390 762 et
422 683 578 762 Echinia
606 692 657 782 (§.
691 701 780 784 Λα).
825 699 869 764 In
895 700 1112 774 vermibus,
1134 699 1206 763 ubi
1241 689 1244 694 ¹

158 820 370 896 nervorum*
391 806 430 864 et
450 799 696 888 gangliorum
721 809 947 884 comparent
966 803 1132 888 vestigia
1152 803 1209 884 (§..
1309 861 1313 870 ,
1334 855 1337 862 ,

156 915 210 986 43.
241 922 278 966 n.
312 921 339 968 1.
370 906 427 990 a.)
440 946 452 980 ,
475 903 679 984 paululum
713 903 895 968 decrescit
919 906 1205 993 prpproductiva
1226 951 1235 978 Ι,

158 1009 245 1074 via·
276 1008 591 1092 Reproducuntur
612 1007 768 1094 quidem
790 1008 831 1072 iri
851 997 1057 1077 Lumbric'o
1086 1016 1205 1076 terre·

159 1115 231 1179 stri
252 1114 418 1178 recisum
441 1120 609 1197 caputet
630 1111 768 1190 cauda3
792 1103 1006 1180 esttamen
1027 1115 1207 1186 limitata

156 1218 419 1302 regeneratio,
443 1215 561 1290 adeo,
584 1216 680 1282 utsi
701 1216 894 1300 longiores
926 1219 1204 1284 abscindantur
1271 1254 1276 1264 ·
1317 1275 1322 1290 ,

156 1322 376 1405 portiones,
394 1321 462 1384 ‚vel
481 1318 596 1384 tarda
618 1319 672 1382 sit
701 1319 947 1402 reproductio
971 1325 1037 1384 aut
1064 1322 1208 1405 imper·

155 1425 262 1492 fecta
282 1426 335 1512 c).
380 1424 637 1486 Crustaceaet
654 1420 802 1486 insecta
822 1442 900 1486 non
926 1442 1057 1486 omnes
1078 1441 1210 1508 repro-

158 1529 305 1594 ducunt
326 1530 484 1594 amissas
515 1533 666 1612 partes:
690 1528 819 1593 cancri
848 1546 984 1593 manus
1014 1529 1209 1606 chelatas‚

156 1632 272 1716 pedes
306 1638 343 1696 et
371 1632 507 1716 palpos
541 1632 768 1710 cheliferost
792 1651 956 1696 araneae
979 1638 1017 1696 et
1039 1633 1214 1715 phalan‘
1316 1647 1318 1654 ’

113 1749 118 1758 “
157 1740 223 1824 gia
254 1718 369 1821 pedet
398 1737 483 1806 sibi
514 1737 725 1802 restituunt
755 1736 814 1824 d).
858 1736 1044 1800 Mollusca
1081 1735 1208 1800 nimia

159 1842 280 1936 etiam
300 1838 470 1925 gaudent
495 1827 811 1925 reproductione=
833 1840 982 1905 Helices
1008 1839 1135 1914 enim,
1159 1843 1204 1904 ut

150 1966 246 2010 -cum
283 1946 586 2012 Sentaauzamo
622 1947 749 2027 plures
783 1945 1061 2019 observarunt,
1094 1948 1209 2028 caput

130 2113 132 2120 ,
159 2049 375 2114 abscissum
412 2068 523 2130 saepe
543 2050 837 2132 »reprodueunu
869 2071 948 2114 non
973 2055 1105 2113 tamen
1127 2069 1208 2112 cre-

158 2151 329 2224 dendum
350 2156 429 2225 est,
454 2143 556 2234 quod
574 2156 808 2218 Annonam)
832 2151 912 2232 jam
930 2153 1106 2226 monuit,
1125 2151 1211 2214 istis

157 2253 339 2338 periculis
363 2257 404 2318 et
423 2253 619 2317 cerebrum
641 2253 852 2334 abscissum
876 2273 919 2316 ac
938 2252 1212 2337 reproductum

157 2360 301 2436 fuisse,
321 2357 512 2444 siquidem
533 2359 845 2442 apud·mollusca
865 2357 1061 2422 cerebrum
1083 2357 1205 2441 capiti
1270 2353 1273 2358 ’

157 2485 236 2529 non
260 2464 483 2529 includatur
491 2483 655 2544 ‚uerum
675 2463 790 2546 gulae
808 2458 858 2544 (ς.
879 2473 935 2544 43.’
950 2483 988 2527 n.
1013 2480 1041 2525 1.
1060 2463 1121 2549 b.)
1142 2482 1212 2546 po.

140 2568 239 2631 ‘tius
262 2567 507 2656 insidente).
550 2567 673 2632 Pisces
695 2566 857 2632 amissas
891 2567 1055 2650 pinnas,
1085 2574 1123 2632 et
1153 2590 1212 2632 se·
1294 2597 1298 2614 =

159 2670 247 2752 piae
266 2671 425 2736 brachia
444 2671 712 2757 reproducunt.
744 2671 968 2755 *Amphibia
986 2669 1205 2756 insignibus

158 2759 329 2855 gaudent
350 2775 632 2856 reproductivis
645 2775 796 2839 viribus
809 2797 819 2836 r
833 2778 1081 2840 Amsromtm
1104 2777 1210 2840 enim
1220 2794 1228 2809 ¹·

159 2876 238 2958 jam
269 2884 406 2946 notum
444 2881 544 2958 fuit,
575 2878 844 2946 salamandras
878 2879 1039 2943 caudam
1081 2901 1212 2964 repro-

161 2979 317 3056 ducem,
338 2987 377 3046 st
399 2982 588 3070 pomperit
606 2983 880 3046 Sentianum
903 2982 1097 3062 animalia
1117 2985 1211 3048 haec

162 3083 282 3146 etiam
306 3080 420 3164 pedes
443 3089 484 3145 et
502 3082 775 3148 mandibulam
807 3081 882 3146 sibi
903 3085 1133 3172 restituere3
1156 3086 1213 3150 vi·

50 3237 52 3242 .
162 3187 228 3252 dit
259 3185 347 3250 dein
380 3187 651 3256 Bcunrnanon
682 3189 809 3251 totum
846 3189 1001 3252 oculum
1030 3188 1073 3255 in
1105 3189 1212 3256 Sela·

161 3289 326 3353 mandra
347 3288 508 3354 lacustri
530 3287 802 3373 reproductum
821 3289 878 3378 f).
987 3350 998 3358 .

159 3493 161 3500 .
245 3435 354 3519 Apud
385 3437 576 3502 animalia
602 3437 858 3522 perfectiora,
883 3457 980 3521 quae
1001 3425 1211 3524 systemate

149 3557 325 3617 Anervoso
346 3540 577 3621 perfectiore
595 3539 787 3624 gaudent,
811 3540 879 3603 ubi
896 3540 1069 3624 partium
1092 3546 1129 3606 et
1141 3529 1212 3604 or·
1307 3527 1313 3533 ¹
1337 3591 1341 3599 .

162 3655 354 3726 generum
372 3643 496 3728 major
517 3643 623 3708 adest
646 3643 839 3718 varietas,
854 3647 900 3706 et
920 3643 1004 3728 vita
1024 3644 1214 3708 sensifera

163 3747 205 3811 in
234 3747 409 3812 uberiore
439 3747 573 3813 existit
604 3753 692 3814 cum
719 3746 985 3812 functionibus
1020 3746 1212 3832 organicis
1318 3752 1325 3766 “

164 3852 407 3937 oppositione
437 3853 488 3938 (§.
507 3859 616 3936 44.),,
631 3853 757 3917 multo
788 3850 916 3915 minor
946 3851 1210 3935 viget'repro·

163 3956 321 4021 ductiva
335 3948 519 4037 potestas.
563 3955 608 4020 In
632 3956 768 4022 avibus
792 3954 913 4038 igitur
933 3955 1056 4018 multo
1081 3951 1211 4018 minor
1247 4027 1251 4036 ¹

163 4055 260 4122 haec
280 4061 338 4122 est
356 4057 522 4123 facultas
548 4076 664 4141 quam
687 4058 729 4122 in
750 4055 983 4142 amphibiis,
1006 4052 1130 4136 major
1150 4059 1210 4117 ta·
1340 4087 1342 4092 .

166 4181 256 4228 men
278 4181 392 4248 quam
423 4163 465 4227 in
489 4161 777 4228 mammalibus.
821 4162 987 4227 Vulnera
1017 4158 1121 4222 enim
1145 4177 1210 4222 cu·
1363 4233 1370 4244 .

168 4264 243 4346 tis,
264 4271 310 4333 ut
326 4270 556 4335 Aansmamt
576 4271 753 4350 expertus
774 4269 832 4330 est
851 4265 919 4350 g),
943 4260 1020 4328 cito
1043 4261 1209 4330 consoli·
