2920 4998
273 393 327 502 ¹'ae
358 387 377 418 ’χ
450 390 453 397 ’
700 398 911 464 iussisses.

287 543 423 612 dinete
451 540 570 610 fuisse
599 537 733 620 debuit
763 537 957 622 congeries
980 538 1067 626 ⁶¹⁸),
1093 555 1190 624 queo
1218 539 1325 607 lento
1446 595 1447 610 ,

228 707 233 716 ,
283 667 364 712 non
381 647 457 712 nisi
474 661 676 729 progressu
687 641 735 710 ed
753 645 994 724 praesentem
1017 646 1149 712 evecta
1168 643 1325 723 estper·

192 799 203 811 .
283 751 507 830 sectionem,
548 749 617 828 Per
636 744 782 812 virium
800 765 937 831 nempe
961 741 1184 816 conflictum
1209 762 1324 838 genoe

282 855 382 923 rales
408 857 546 934 enatae
568 854 657 916 sunt
680 849 866 914 materiae
886 850 1034 913 formae
1064 849 1117 931 (ς.
1137 864 1169 930 5.
1187 868 1225 911 n.
1244 848 1324 931 3.),

283 977 380 1045 quae
396 954 545 1020 tardius
566 972 633 1037 per
654 949 927 1035 gravitationis
945 951 1069 1035 legem
1088 948 1140 1035 (ς.
1157 953 1189 1016 6.
1209 970 1246 1014 n.
1270 953 1323 1039 1.)

282 1060 330 1124 e'b
352 1059 521 1156 inviqem
542 1062 797 1144 recesserunt;
821 1057 1045 1122 coaluerunt
1074 1063 1204 1139 partes
1226 1055 1322 1120 soli·
1446 1105 1447 1112 ,

281 1162 354 1228 dee
374 1163 416 1228 ln
434 1154 602 1226 messem
620 1179 866 1244 unem,quae
886 1159 1018 1224 fluidis
1040 1165 1079 1223 et
1099 1161 1323 1228 a'e'riformi·

280 1269 373 1344 bus,
395 1271 530 1352 utpote
547 1265 782 1342 levioribus,
802 1263 1087 1342 inundabature
1108 1268 1245 1330 enetee
1265 1265 1320 1329 si-

250 1457 253 1462 ,
281 1375 362 1440 mul
383 1373 540 1460 fuerunt
562 1371 609 1438 eb
630 1371 809 1447 airibus,
831 1370 957 1438 solide
974 1388 1105 1434 masse
1133 1369 1319 1446 inclusis,

281 1474 467 1540 cavitates
488 1476 685 1548 internae,
706 1493 803 1562 ques
824 1471 1050 1539 concidente
1077 1473 1227 1556 pariete
1256 1495 1319 1540 eo·

278 1575 382 1652 lide,
403 1577 571 1642 vallibus
590 1578 833 1663 ingentibus,
853 1574 984 1640 fluviis
1003 1579 1040 1638 et
1061 1575 1183 1651 mari,
1204 1575 1320 1660 ipsis·

278 1699 351 1766 que
381 1679 578 1746 montibus
607 1681 868 1763 praebuerunt
895 1676 1099 1761 originem,
1141 1677 1320 1744 Efficien-

278 1781 359 1846 tiee
393 1777 626 1864 dynamicae
658 1775 680 1862 (
687 1786 717 1856 ς.
738 1780 804 1865 8,)
824 1819 838 1854 ,
866 1776 1087 1862 magnetica
1113 1779 1320 1864 praecipue

279 1883 361 1959 vis,
390 1881 493 1946 calor
524 1885 562 1946 et
592 1881 825 1948 electricites
845 1923 856 1958 ‚
876 1878 1075 1966 principie
1097 1864 1321 1950 ¹elicuerunt

277 1989 453 2056 chemice
473 1985 526 2072 (c.
547 1992 624 2075 7.),
647 2009 743 2076 quae
767 1988 878 2054 varia
896 1991 1149 2072 proportione
1169 1989 1317 2054 combi-

273 2096 388 2164 nate,
407 2094 551 2170 terrae,
571 2093 755 2190 metella,
777 2092 898 2166 sales,
920 2073 1224 2164 inflammabilie
1244 2097 1315 2156 ete.

274 2195 581 2272 constituerunt,
601 2216 746 2283 quaeve
767 2203 870 2266 certo
906 2199 1073 2284 quodam
1097 2197 1254 2270 ordine,
1277 2202 1317 2262 et

273 2297 487 2371 directione
512 2300 640 2386 polari
669 2301 889 2385 disposite,
921 2302 1074 2368 diverse
1111 2299 1322 2365 effecerunt.

272 2408 397 2472 terrae
418 2405 671 2472 strete.-.-Ad
690 2413 835 2474 certum
857 2405 937 2488 jem
958 2405 1121 2491 gradum
1142 2403 1331 2486 perfecte·

270 2509 339 2578 ubi
366 2509 504 2594 fuiseet
533 2507 672 2583 tellus,
695 2529 855 2593 cumque
884 2515 1011 2576 motus
1041 2505 1315 2580 tumultuarii,

270 2609 541 2676 accedentibus
564 2609 613 2672 ad
630 2609 906 2691 aequilibrium
926 2608 1098 2684 viribus,
1120 2608 1313 2691 consopiti

267 2713 451 2800 fuissent,
469 2714 573 2776 ultra
592 2709 782 2798 prooessit
801 2714 960 2788 natura,
973 2713 1010 2773 et
1034 2711 1209 2776 condidit
1228 2732 1312 2776 cor-

269 2803 366 2904 pore
386 2811 581 2903 organica·
623 2811 744 2876 Lento
765 2816 898 2884 temen
918 2831 1048 2898 gressu
1068 2819 1106 2879 et
1132 2814 1196 2878 hic
1221 2834 1312 2898 pro.

267 2905 557 2982 cessitnetura:
576 2913 803 2997 imperfecte
823 2915 964 3002 quippe
984 2918 1090 3004 prins
1100 2958 1111 2994 ,
1126 2918 1174 2982 ab
1197 2939 1310 2984 anor-

267 3019 416 3112 genicis
442 3019 509 3084 vix
544 3017 805 3100 discrepantia
821 3059 832 3094 ,
863 3020 1097 3105 perfectiora
1128 3021 1238 3100 dein,
1265 3044 1309 3089 ec

268 3113 422 3200 demum
460 3120 745 3214 perfectissime
783 3117 960 3194 condidit
995 3145 1156 3222 corpore
1197 3145 1309 3220 prga-

266 3251 368 3308 nica,

346 3373 552 3438 Testantur
575 3375 705 3434 eutem
727 3367 773 3436 de
788 3368 1028 3455 progressive
1049 3363 1125 3435 lr'oe
1144 3375 1309 3436 neturee
1354 3438 1357 3458 ,

264 3475 467 3543 conamine
488 3475 640 3558 sepulte
659 3475 702 3542 in
721 3475 933 3542 visceribus
955 3479 1080 3540 terrae
1104 3475 1308 3560 organico·

263 3599 349 3646 rum
385 3597 587 3663 corporum
624 3578 811 3662 vestigia:
846 3577 991 3644 etenim
1026 3577 1211 3661 ebsorpta
1237 3597 1307 3661 per

261 3683 389 3747 varies
410 3667 535 3748 terrae
556 3681 817 3756 revolutiones
853 3679 1036 3766 organice
1065 3699 1226 3763 corpora
1247 3680 1307 3762 ite

263 3809 302 3858 se
331 3789 501 3863 hebent,
522 3793 565 3852 ut
597 3789 639 3856 in
673 3789 805 3858 stratis
836 3786 1112 3861 interioribus,
1133 3785 1304 3872 adeoque

262 3889 569 3976 antiquioribus,
591 3891 906 3974 imperfectorum
932 3897 1085 3964 tantum
1105 3891 1303 3974 reperian-

260 3987 324 4063 tur
340 3997 549 4083 reliquiae,
569 4017 688 4082 eoque
710 3996 985 4079 perfectiorum
1004 3994 1171 4080 vestigia
1193 3996 1303 4062 inve·

261 4098 441 4177 nientur,
472 4115 547 4184 quo
575 4097 703 4176 minus
728 4118 752 4178 e
779 4097 940 4167 noviore
972 4092 1124 4166 telluris
1159 4094 1303 4166 cortice

259 4207 412 4280 remote
430 4198 588 4280 fuerint·
818 4187 826 4208 ⁸
