2950 5002
388 357 590 422 Hrsroam
610 353 919 425 Pnustococmui
1105 304 1115 330 ,
1134 373 1197 444 11³

140 489 233 567 'nito
252 503 427 582 respectu
452 497 500 560 ad
521 497 697 582 vigentes
729 504 814 564 tum
847 495 1103 588 hypotheses,
1125 525 1192 570 ve·
1229 569 1242 586 ,

148 587 460 668 naesectionibus
499 605 537 664 st
571 599 1120 687 antiphlogisticisfremediis
1152 629 1194 671 o-
1223 649 1228 658 ·

150 704 277 790 ptimo
313 705 483 772 curasset·
503 719 692 779 successu,
716 703 1053 772 chemiatricorum
1077 709 1195 780 ethic

149 806 344 889 dissipata
370 803 527 868 luerunt
555 809 783 869 commenta.
804 839 844 856 -
866 807 922 872 De
942 807 1192 892 jatrochemi·

148 907 202 974 cis
220 904 447 971 novioribus
466 905 582 988 paulo
603 905 765 971 inferius
785 925 1000 975 sermonem
1026 912 1191 994 facturi,

146 1010 383 1076 adulteram
401 1007 515 1074 modo
537 1008 790 1074 transibimus
812 1011 998 1078 scholam.

257 1285 457 1348 sensuum,
476 1289 535 1366 op.
552 1289 606 1351 cit,
621 1291 674 1358 1v.
692 1313 723 1366 p.
741 1294 890 1366 dtu-499·
1007 1247 1010 1262 ·

609 1471 639 1543 5·
682 1483 735 1550 31·

248 1643 1099 1718 latromathematicorumschola.

232 1789 423 1856 Circuitus
449 1792 650 1877 sanguinis
674 1792 852 1873 inventio
876 1781 927 1874 (1.
951 1811 1003 1874 29.
1023 1813 1060 1854 n.
1081 1793 1134 1878 a.)
1156 1795 1195 1856 et

145 1898 363 1976 propagata
388 1896 617 1961 Cartesii
646 1893 899 1978 philosophia
926 1891 977 1979 (1.
999 1911 1052 1975 30.
1073 1914 1109 1956 n.
1136 1895 1192 1982 a.)

146 1997 396 2080 praecipuam
416 1999 598 2064 videntur
621 1997 771 2063 dedisse
803 1999 1041 2064 occasionem
1070 1993 1193 2062 medi·
1278 2023 1282 2035 ¹

150 2102 262 2166 cinae
299 2103 614 2167 mathematicae,
650 2103 800 2188 *Coepit
845 2110 974 2167 autem
1016 2102 1194 2168 doctrina

147 2206 244 2271 haec
275 2197 445 2288 primum
473 2207 514 2270 in
536 2205 652 2270 ltalia
679 2200 777 2282 coli,
800 2203 868 2272 ubi
898 2205 946 2269 ad
975 2207 1193 2289 exemplum

147 2311 282 2394 magni
313 2311 420 2376 illius
454 2313 608 2399 physici
639 2315 676 2376 et
696 2312 992 2387 mathematici,
1017 2311 1191 2375 Galilaeo

147 2413 565 2500 Gncrcur.(†1642.),
600 2415 764 2500 physica
804 2412 1118 2496 experimentalis
1155 2417 1193 2478 et

147 2517 449 2580 mathematicae
484 2512 712 2600 disciplinae
743 2536 858 2601 quam
891 2513 1192 2600 diligentissime

149 2621 322 2711 excultae
363 2621 531 2684 fuerunt
576 2621 837 2686 Condiderunt
871 2619 1052 2703 discipuli
1084 2618 1194 2683 Gali·

38 2739 42 2748 ·
142 2713 271 2781 leiani
307 2719 397 2802 1657.
431 2715 650 2788 Florentiae
685 2720 924 2787 academiam
953 2719 1193 2804 experimen-

149 2815 269 2884 ¹talem
312 2819 613 2903 (Academia
643 2823 722 2890 del
754 2823 1031 2912 cimento),
1066 2845 1084 2886 e
1117 2841 1194 2905 qua

148 2923 311 3007 plurimi
348 2926 577 3007 prodierunt
610 2928 713 3003 viri,
744 2927 811 3012 qui
838 2925 1193 3011 jatromathemati·

147 3047 233 3092 cam
255 3027 344 3091 dem
365 3027 580 3094 fundarunt
600 3003 786 3094 scirolam
831 3077 833 3082 ,
1272 3018 1275 3023 ¹

234 3170 273 3253 1)
291 3169 409 3236 Erant
428 3177 561 3234 tamen
582 3170 796 3255 complures
819 3161 981 3247 medici,
1000 3163 1192 3256 quiprius
1274 3239 1277 3245 ,

142 3268 225 3354 iem
245 3271 542 3338 mathematicos
564 3269 613 3338 ad
632 3272 823 3338 medicem
853 3271 1102 3357 disciplinam
1126 3271 1192 3335 ad·

143 3372 367 3460 plicuerunt
385 3375 563 3441 calculos.
585 3377 663 3440 Huc
683 3375 914 3461 praeprimis
937 3381 1084 3460 spectat
1099 3377 1192 3440 San·

144 3478 291 3544 ctorius
329 3477 575 3546 Snucronws
616 3477 737 3564 (prof
776 3479 905 3543 Patav.
946 3481 985 3541 et
1015 3479 1144 3543 Venet.
1173 3481 1191 3558 1·

147 3581 240 3664 1636.
243 3585 286 3671 ),
307 3583 373 3667 qui
394 3581 442 3646 ad
463 3583 624 3649 initium
653 3585 771 3650 seculi
801 3582 904 3648 XVII
937 3559 1190 3664 perspicatio-

143 3705 236 3752 nem
256 3685 353 3750 cutis
383 3679 654 3757 insensibilem
683 3687 829 3752 calculo
858 3668 1030 3768 subjecit.
1073 3685 1190 3750 Insti-

108 3831 112 3850 .
145 3787 227 3854 tuit
249 3787 311 3852 vir
340 3788 415 3852 iste
444 3788 555 3858 varia
587 3781 673 3854 eum
706 3791 747 3854 in
780 3787 899 3852 finem
926 3786 1118 3870 pericula,
1146 3793 1191 3851 ut

104 3879 106 3884 ¹
147 3889 356 3978 quantitas
368 3891 607 3976 perspiratae
627 3893 813 3958 materiae
844 3890 1115 3977 innotesceret,
1137 3889 1189 3954 si-

146 3993 305 4074 mulque
337 3997 487 4074 pateret
501 4033 530 4079 ,¹
545 3995 682 4080 quibus
705 4015 772 4078 ¹ne
805 3992 926 4058 causis
956 3991 1189 4074 perspiratio

151 4103 338 4182 augeatur
365 4099 427 4162 vel
460 4100 681 4178 minuatum
703 4100 858 4166 multos·
876 4105 1007 4163 tamen
1016 4139 1027 4174 ,
1046 4101 1091 4164 ut
1119 4115 1189 4162 suo

149 4203 369 4268 videbimus
391 4205 496 4282 loco,
520 4205 716 4272 commisit
737 4224 894 4268 errores.

182 4317 873 4412 crsasumPhysi01.med.v01.1.
985 4323 1020 4388 H
1123 4331 1124 4338 ’
