2920 4998
255 395 300 464 .8
329 473 332 483 f
427 353 432 366 ’
707 389 916 460 leonisius,

231 625 233 630 Ι
275 532 397 629 terias
426 532 640 600 communis
677 541 734 602 est
768 534 1065 610 mobilitas,
1098 543 1136 602 et
1158 547 1318 622 possunt

274 639 541 723 apparitiones
570 639 726 724 quaevis
762 639 810 706 ad
847 645 997 709 motum
1035 641 1178 712 reduci,
1224 647 1319 710 Cum

272 747 474 828 praeterea
507 743 675 826 corporis
714 745 900 812 transitus
933 745 975 810 in
1005 746 1176 828 spatium
1209 746 1318 812 aliud

273 848 424 932 tempus
455 846 645 932 requirat,
666 867 734 916 nec
765 845 926 934 eristers
959 867 1094 932 corpus
1119 849 1224 914 idem
1253 872 1316 914 eo-

274 955 361 1023 dem
382 961 555 1040 tempore
581 956 624 1028 in
647 958 731 1022 loco
751 953 901 1022 diverso
923 959 1317 1042 possit‚pheenome·

272 1079 324 1128 ua
343 1067 467 1128 motus
488 1062 529 1128 in
553 1061 725 1145 spatio
745 1066 784 1129 st
806 1065 1037 1148 tempore
1060 1063 1252 1131 accidunt.

138 1209 143 1216 '
247 1279 250 1286 Ι
355 1203 442 1286 Ipsa
461 1210 589 1268 autem
607 1221 810 1286 corporum
826 1202 1027 1274 mobilitas
1046 1204 1157 1270 veria
1177 1211 1315 1287 estpro

272 1303 433 1370 diversis
466 1297 798 1380 circumstantiis,
826 1305 1020 1394 siquidem
1047 1308 1159 1370 varia
1190 1307 1316 1373 causis

270 1410 514 1474 moventibus
535 1409 754 1477 renitantur
780 1408 832 1473 vi·
877 1407 1077 1484 Resistunt
1108 1431 1198 1475 vero
1231 1431 1314 1500 cur·

269 1530 366 1598 pora
387 1516 592 1598 praecipue
609 1497 871 1602 graiitatione
893 1534 981 1598 spa,
1009 1513 1130 1588 unde,
1155 1515 1189 1580 si
1214 1519 1315 1579 cete-

269 1621 319 1686 τε
341 1625 429 1686 sunt
456 1621 589 1704 paria,
616 1611 843 1686 resistentia
862 1619 948 1700 pari
981 1639 1020 1687 ss
1047 1619 1166 1688 habet
1197 1616 1313 1684 modo

252 1716 355 1786 'cum
385 1723 604 1810 quantitate
627 1742 787 1786 massas.
830 1711 1003 1788 Alteram
1035 1718 1125 1786 dein
1152 1719 1313 1783 mobili·

267 1822 360 1887 tatis
382 1825 657 1893 conditionem
690 1826 776 1907 ipsa
803 1824 917 1906 ponit
954 1839 1157 1906 corporum
1187 1821 1314 1905 figura

266 1921 318 2008 (ς.
330 1943 361 2007 5,
381 1947 417 1990 n.
434 1927 487 2013 6.)
501 1935 682 2014 ,suntque
703 1943 880 2010 corpora,
894 1944 989 2010 quae
1008 1925 1218 1992 eminentes
1240 1927 1313 1989 ha·

264 2026 360 2094 bont
380 2007 660 2107 dimensiones,
681 2051 726 2096 ea
744 2029 950 2113 praecipue
976 2034 1110 2112 parts,
1132 2046 1207 2114 qua
1228 2048 1310 2094 ma-

264 2130 322 2217 gis
342 2133 586 2213 prominent,
610 2134 737 2198 minus
758 2131 941 2207 mobilia,
962 2137 1000 2196 et
1021 2137 1224 2196 moventur
1251 2129 1311 2193 fa·

267 2231 414 2300 cillime
449 2256 611 2320 corpora
644 2235 1007 2320 sphaerica‚-quae
1048 2232 1309 2300 dimensiones
1417 2283 1450 2306 Ὗ

263 2335 412 2405 hebent
441 2339 642 2426 aequales,
665 2355 920 2426 quorumque*
936 2340 1112 2406 internae
1141 2338 1241 2404 vires
1266 2337 1309 2404 in

262 2441 435 2509 maximo
461 2443 631 2513 existunt
660 2444 908 2534 aequilibrio,

345 2585 487 2654 causae
510 2583 601 2648 deIn
623 2593 750 2650 motus
770 2591 860 2650 sunt
881 2585 943 2650 vel
966 2604 1003 2648 m
1017 2607 1036 2650 e
1051 2587 1105 2652 ch
1118 2586 1198 2655 ani
1210 2607 1227 2650 c
1241 2607 1264 2650 a
1277 2607 1309 2663 s,

264 2711 288 2760 a
309 2692 584 2774 gravitationis
605 2693 647 2757 vi
663 2693 917 2776 repetendam
936 2685 998 2760 vel
1028 2693 1112 2758 che
1128 2693 1191 2754 mi
1204 2712 1222 2754 c
1235 2713 1308 2767 ae,

190 2825 192 2832 ·
263 2777 495 2860 mixtionem
512 2794 700 2860 materiae
720 2799 932 2866 mutantes,
953 2791 1016 2854 vel
1038 2789 1201 2875 denique
1223 2813 1309 2856 sen·

263 2915 307 2962 su
330 2895 521 2961 strictiori
555 2895 865 2982 dynamicaa‚
909 2894 1089 2960 Proximo
1112 2913 1203 2960 vero
1225 2915 1308 2958 mo-

262 3006 325 3070 tus
355 3023 468 3068 causa
487 3001 529 3070 in
551 2999 733 3065 conflictu
760 2979 1008 3090 v‘iriumxsibi
1036 2998 1307 3082 oppositarum

260 3103 391 3188 posita
417 3112 498 3180 est,
522 3110 561 3169 et
586 3103 762 3172 redditur
790 3121 868 3164 una
891 3104 1031 3194 narum
1062 3101 1233 3166 excitans
1263 3122 1310 3164 ea

261 3210 400 3305 saltem
429 3209 601 3294 ratione,
629 3228 704 3294 qua
743 3208 863 3274 aliam
895 3211 1074 3294 superat,
1095 3227 1164 3275 nec
1192 3207 1306 3274 datur

261 3324 390 3388 motus
416 3297 592 3421 absolute
620 3315 810 3400 passivus,

342 3462 503 3526 Variant
532 3460 697 3545 denique
720 3465 846 3524 motus
879 3456 956 3540 ipsi
985 3459 1106 3540 relate
1138 3455 1186 3520 ad
1216 3475 1305 3537 spa-

260 3566 360 3629 tium
387 3564 600 3630 directions
624 3567 662 3630 et
686 3562 900 3638 distantia3
924 3563 1044 3626 relata
1075 3559 1123 3622 ad
1151 3563 1306 3640 tempus

260 3671 459 3737 celeritate
486 3675 524 3732 st
561 3667 788 3732 duratione:
818 3671 1026 3751 sequuntur
1062 3663 1151 3726 dein
1180 3667 1330 3725 certasx

259 3777 361 3852 isses
382 3773 599 3848 insolitis,
623 3771 754 3838 fluidis
782 3778 820 3836 at
840 3769 1112 3838 aeriformibus
1132 3767 1304 3848 corpori·

245 3880 328 3944 ¹bus
352 3879 565 3968 (statice
598 3875 898 3952 solidorum,
928 3867 1328 3964 hydrostatica,'

258 3967 624 4072 ceromatico).
734 3995 736 4001 ·
840 4001 846 4010 ·

339 4127 382 4214 3)
403 4125 491 4190 Alia
524 4107 581 4191 e'st
614 4124 801 4189 materiae
834 4118 1055 4195 mobilitas,
1082 4137 1157 4202 qua
1178 4115 1302 4202 perti-

258 4231 366 4300 culas
385 4229 510 4299 solum
531 4229 608 4310 eius
628 4227 864 4296 locomoveri
882 4225 1036 4300 valent,
1059 4243 1216 4306 corpore
1239 4223 1302 4286 in·

257 4341 365 4420 tegre
386 4335 427 4400 in
448 4335 574 4421 spatio
597 4356 664 4402 suo
683 4334 926 4446 persistente.
969 4329 1172 4396 Mutantur
1189 4325 1302 4412 quip-
