2920 4998
328 397 462 464 srunn
480 393 751 462 Paxsrotoorcr
769 363 996 464 Merxoous.
1137 407 1179 474 41

134 542 320 624 satagunt
338 535 556 620 principiis.
601 535 723 618 Quam
746 542 874 600 autem
893 536 1022 620 gravis
1042 536 1182 601 horum
1289 582 1293 599 .
1368 573 1372 582 ·

133 644 189 709 sit
209 660 336 715 error,
359 639 474 722 paulo
495 639 648 704 uberius
674 658 859 723 exponere
881 657 1073 704 necessum
1087 627 1162 706 est.

221 805 261 886 1)
293 800 464 866 Possidet
505 800 670 896 materia
697 800 858 875 omnis,
888 805 1040 883 praeter
1079 800 1181 865 vires

134 895 357 982 cbemims,
389 907 491 970 vires
521 921 669 990 quoque
706 905 886 990 physicas
919 911 956 970 et
985 907 1181 992 energiam

134 1009 386 1098 dynamicam
418 1006 490 1092 (§§·
520 1010 552 1072 6.
573 1007 654 1094 8.);·
673 1006 850 1071 debemus
882 1007 975 1071 hinc
986 1049 997 1084 ‚
1019 1009 1088 1073 ubi
1118 1009 1180 1078 vel

135 1110 520 1194 simplicissimarum
540 1129 668 1173 rerum
697 1107 824 1174 debite
858 1107 1089 1192 perscrutari
1119 1108 1180 1172 in·

129 1213 326 1280 tendimus
356 1207 564 1289 naturam,
590 1231 724 1278 causas
757 1217 795 1276 et
822 1208 980 1278 effectus
1010 1213 1181 1295 phaeno-

132 1336 334 1383 menorum
352 1317 502 1400 tripli‘ci
525 1318 597 1381 hoc
625 1323 799 1399 respectu
830 1334 977 1400 semper
1005 1314 1177 1381 conside·

131 1440 231 1488 rore·
275 1421 313 1486 si
335 1421 458 1504 igitur
475 1421 556 1484 solo
577 1417 748 1506 respectu
767 1409 937 1484 chemico
958 1419 1179 1505 nesimpli-

133 1525 239 1588 cium
261 1523 415 1610 quidem
438 1543 640 1608 corporum
667 1529 848 1588 naturam
879 1541 1062 1607 exponere
1092 1542 1179 1605 poe·

131 1648 265 1694 sumus
278 1669 288 1704 ,
301 1629 411 1712 longe
429 1630 556 1694 minus
578 1629 619 1694 in
640 1629 830 1715 organicis
852 1626 892 1693 id
913 1627 1179 1702 succedetcor·

131 1732 318 1818 poribus,
350 1733 419 1795 ubi
450 1733 601 1797 altioris
633 1731 832 1824 indaginis
872 1730 1018 1795 accedit
1044 1730 1180 1796 vitalis
1220 1761 1222 1769 ·

131 1835 217 1909 vis,
240 1853 336 1920 quae
368 1839 508 1898 ceteras
538 1835 616 1900 sibi
647 1835 806 1920 subjicit
836 1835 948 1899 vires.
993 1833 1180 1916 Quamvis

135 1943 266 2006 eutem
290 1936 561 2040 concedamus,
583 1937 735 2006 easdem
756 1935 899 2023 ubique
932 1937 1179 2002 attractionis

135 2045 329 2110 chemicae
359 2044 488 2130 vigere
516 2047 638 2130 loges,
662 2046 866 2140 energiam
896 2050 1050 2120 tamen,
1083 2062 1180 2130 quae

132 2150 175 2216 in
199 2149 300 2213 vivis
330 2150 436 2235 viget
463 2151 707 2235 corporibus,
732 2150 920 2216 chemicos
950 2145 1107 2214 effectus
1129 2147 1180 2210 li·

44 2259 47 2264 '
133 2253 276 2318 mitare
296 2258 334 2320 et
362 2255 552 2338 peculiari
581 2253 731 2320 ratione
762 2252 1008 2331 modificare,
1030 2250 1178 2336 experi-

130 2357 240 2444 entia
258 2349 552 2441 comprobatum
579 2356 798 2443 habemus„

216 2526 258 2611 2)
282 2526 386 2590 Nulli
409 2523 563 2612 quidem
588 2524 721 2593 subest
742 2522 882 2600 dubio,
904 2521 1066 2587 vitalem
1088 2539 1177 2606 pro·

131 2647 278 2696 cessum
300 2651 384 2698 cum
416 2631 566 2694 actione
602 2629 774 2693 chemica
802 2627 1047 2713 conjunctum
1077 2648 1178 2705 esse,

130 2719 356 2813 perpetuam
375 2734 562 2799 materiae
581 2713 905 2816 permutationem
915 2737 939 2806 ,'
949 2738 1062 2817 atque
1084 2751 1178 2796 ana-

108 2833 230 2917 ·lyses
254 2839 291 2898 et
311 2835 509 2924 syntheses
530 2857 711 2920 perennes
724 2837 766 2906 in
787 2836 878 2899 vivo
901 2833 1072 2898 accidere
1094 2853 1176 2897 cor·

126 2954 242 3020 pore:
266 2943 307 3006 at
339 2941 451 3002 tanta
479 2945 534 3004 est
555 2939 863 3004 substantiarum
885 2937 927 3001 in
955 2936 1178 3022 organismo

127 3042 302 3106 humano
318 3043 509 3120 varietas,
532 3051 688 3129 tamque
715 3041 921 3126 multiplex
943 3056 1176 3124 organorum

128 3151 168 3216 et
197 3147 473 3224 functionum,
507 3146 554 3210 ad
586 3167 673 3213 eum
702 3166 923 3230 processum
954 3145 1202 3229 conspiran·'

129 3251 233 3315 tium
252 3269 454 3327 numerus,
477 3256 521 3315 ut
541 3250 804 3336 phaenomena
824 3251 967 3316 vitalia
982 3273 1002 3314 e
1021 3247 1174 3332 simpli·
1265 3271 1271 3284 ¹

129 3355 239 3420 cibus
264 3355 434 3419 chemiae
455 3349 603 3440 legibus
625 3355 762 3441 exponi
782 3356 1001 3423 nullatenus
1014 3355 1174 3438 possint.

96 3500 105 3510 -
129 3459 278 3523 Docent
297 3459 370 3522 hoc
391 3441 577 3542 organica
593 3479 753 3546 corpora
779 3459 841 3522 vel
860 3479 927 3543 per
948 3457 1010 3534 id,
1034 3457 1134 3544 quod
1154 3480 1175 3522 e

127 3553 333 3645 principiis
355 3561 656 3644 simplicissimis
678 3563 859 3627 materiai
881 3562 1048 3627 diversas
1072 3582 1176 3628 com·

126 3663 433 3746 ponere'sciant‚
457 3663 634 3749 ipsasque
657 3665 897 3731 substantias
923 3666 1173 3730 elementares

126 3777 193 3846 per
215 3762 566 3838 chemico-vitalem
586 3767 916 3848 metamorphosin
935 3771 1173 3831 transmuta-

126 3885 169 3934 re
198 3858 369 3928 'valeant
391 3899 432 3913 -
454 3866 664 3962 Purissima
695 3855 929 3955 enim'aqua
959 3876 997 3934 et
1029 3875 1173 3936 atmos·
1236 3920 1240 3928 =

125 3969 308 4059 phaerico
329 3970 816 4044 airautBraconneti
846 3971 958 4037 etde
981 3973 1172 4060 Crvellii

127 4075 398 4156 experimentis
421 4075 613 4154 innotuit,
625 4080 773 4144 semina
790 4079 1067 4166 vegetabilium
1085 4082 1172 4163 pul·

127 4179 257 4246 lulant
285 4188 324 4245 et
356 4188 574 4246 excrescunt
603 4181 645 4245 in
674 4185 860 4266 plantas,
892 4204 987 4271 quae
1017 4185 1171 4272 analysi

130 4285 325 4358 chemicae
354 4283 567 4430 [subjectae.
596 4286 828 4374 carbonem,
856 4290 975 4372 sales,
998 4289 1172 4388 silicam,
