2920 4998
1151 366 1161 394 t

175 513 178 522 ¹
279 423 323 500 ⁶8
697 432 926 539 Iuenessus.

496 505 511 544 N

277 580 550 668 obisanguini
572 579 777 659 miscetur,
801 583 958 671 eiusque
979 583 1142 652 suscitat
1160 594 1326 670 motumz

276 685 720 768 respirations¹eanguis
753 688 1029 774 refrigeratur,
1053 690 1244 776 simulque
1266 713 1327 757 ree

278 797 464 876 purgatur
496 815 518 858 a
540 794 689 858 nocivis
717 797 755 858 et
780 793 1015 878 fuliginosis·
1033 797 1266 878 particulis,
1287 805 1327 862 et

277 899 478 963 inhalatur
502 901 567 963 atr
586 897 721 982 vitalis
739 913 749 976 3
770 899 971 982 peragitur
997 879 1127 963 autem
1157 901 1327 985 respira·

262 1001 399 1068 ¹tionis
430 1005 535 1065 actus
568 998 884 1082 diaphragmate‚
908 1001 1205 1082 cooperantibus
1239 995 1335 1066 mue·⁴

277 1103 394 1166 s'culis
417 1093 914 1172 intercostalibusc-Viree
941 1104 1129 1168 animales
1157 1103 1328 1170 resident

276 1205 320 1270 in
344 1207 497 1283 cerebro
521 1211 558 1269 et
579 1195 788 1289 operantur
806 1205 935 1269 medio
958 1205 1200 1290 pneumatis,
1216 1205 1327 1291 quod

279 1331 365 1375 cum
396 1311 582 1395 sanguine
601 1329 657 1374 ¹eo
683 1306 885 1386 defertur,
909 1328 1003 1396 eque
1033 1309 1149 1374 viteli
1178 1309 1324 1395 spiritu

276 1413 570 1502 paraturs'inde
591 1411 811 1496 igiturest,
837 1412 938 1496 quod
967 1411 1100 1474 anima
1130 1431 1215 1477 oum
1240 1433 1325 1479 cor-

275 1534 369 1602 pore
397 1521 589 1591 mutetur,
614 1515 767 1601 ejusque
792 1514 920 1580 officia
946 1537 968 1578 a
991 1515 1161 1597 corporis
1181 1515 1327 1600 depen-

277 1621 395 1685 deant
414 1619 718 1686 conditionibus·
740 1621 874 1684 Sensus
898 1608 1108 1700 ¹operantur
1126 1640 1195 1703 per
1206 1640 1327 1704 pneu-

275 1737 340 1788 ma
361 1727 399 1788 et
419 1725 545 1797 vires,
569 1709 666 1806 quae
686 1722 840 1785 animae
861 1726 951 1784 sunt
974 1719 1178 1805 subjectae.
1200 1757 1239 1774 -
1261 1723 1330 1788 Vi·

275 1848 335 1892 res
357 1826 553 1896 naturales
571 1824 698 1889 sedem
727 1823 875 1890 habent
899 1823 941 1888 in
968 1825 1131 1908 hepate,
1154 1833 1193 1891 et
1215 1847 1329 1911 pera-

260 1935 372 2014 ·gunt
403 1949 489 1994 suas
522 1929 740 1992 functiones
775 1927 905 1990 medio
939 1929 1186 2010 pneumatis,
1225 1930 1328 2016 quod

274 2052 344 2116 per
370 2050 500 2097 omnes
535 2025 716 2095 circumit
734 2029 875 2093 venes.'
908 2029 1185 2096 Functionibtis
1207 2039 1326 2098 natu-

274 2135 424 2202 ralibus
448 2133 678 2199 adnumerat
700 2135 873 2196 Gaianas
910 2119 1222 2216 generationem,
1254 2157 1328 2200 nu.

273 2237 479 2304 tritionem
503 2243 547 2302 et·
564 2236 859 2302 incrementum.
892 2236 1100 2302 Generatio
1127 2239 1329 2324 peragitur

273 2343 472 2408 communi
512 2342 739 2406 actione-et
782 2340 869 2424 pari
915 2340 1072 2425 energia
1125 2341 1329 2427 utriusque

250 2461 417 2524 Δειιιιιιιις
452 2444 625 2529 possidet
660 2443 811 2507 femina
842 2437 974 2509 omnes
1011 2443 1202 2528 genitales
1245 2447 1325 2512 viri
1358 2457 1362 2466 “

192 2617 200 2632 ,
273 2555 425 2636 partes,
450 2567 546 2633 quae
568 2547 694 2611 solum
718 2547 765 2611 ob
784 2547 955 2628 (calorem
976 2545 1168 2612 minorem
1185 2549 1324 2616 inimo

273 2654 535 2724 reconduntur
568 2640 746 2735 corp'ore3
779 2652 915 2734 oraria
945 2653 1030 2716 veri
1071 2657 1160 2718 sunt
1187 2658 1328 2734 testes,

273 2759 487 2846 genuinum
516 2775 670 2838 sperma
703 2753 942 2831 fundentes,
974 2752 1075 2838 quod
1104 2772 1189 2818 cum
1213 2755 1327 2822 virili

181 2849 187 2860 ’
271 2858 420 2926 semine
455 2858 640 2934 mistum,
666 2856 918 2944 embryonem
948 2858 1120 2942 generat·
1165 2859 1325 2924 Uterum

274 2970 314 3034 et
333 2963 547 3030 funiculum
569 2963 838 3036 umbilicalem
866 2965 909 3028 in
931 2965 1068 3032 bestiis
1091 2965 1217 3032 solum
1237 2987 1326 3050 per·

273 3068 481 3152 vestigasse
516 3069 672 3136 videtur
707 3070 750 3134 G.
741 3111 780 3147 .‚
817 3090 904 3135 cum
940 3069 1125 3145 adserat,
1157 3068 1326 3134 totidem
1387 3138 1391 3154 ,

276 3169 406 3239 adesse
446 3172 548 3237 uteri
586 3191 753 3249 caveas,
786 3177 884 3258 quot
918 3171 1104 3237 adsunt*
1093 3193 1135 3238 m
1164 3171 1325 3238 feminis

275 3258 491 3350 mammae,
516 3280 553 3338 et
577 3281 740 3358 quatuor
769 3273 963 3339 describat
987 3259 1233 3340 umbilicalia
1255 3295 1327 3338 va

172 3377 177 3386 “
274 3395 319 3440 sa
339 3379 752 3462 unumqueurachum.
795 3375 937 3461 Rejicit
957 3376 1191 3442 evolutionis
1214 3377 1328 3440 theo-

277 3483 404 3562 riam,
435 3490 474 3550 et
513 3483 654 3548 statuit
683 3501 816 3547 veram
853 3483 1097 3568 epigenesim
1120 3482 1322 3573 adquam

275 3605 386 3654 sexus
415 3593 574 3672 uterque
601 3607 824 3669 poncurrere
850 3587 1065 3652 necessario
1096 3585 1232 3670 debet;
1254 3587 1324 3663 ,de-

275 3687 404 3757 fendit
426 3691 653 3772 opinionem
685 3694 880 3762 veterum,
902 3709 976 3773 qua
1008 3689 1257 3764 credebatur,
1281 3690 1325 3754 in

277 3801 373 3860 teste
396 3793 530 3858 dextro
552 3791 764 3867 masculos,
787 3791 830 3868 in
852 3793 1016 3856 sinistro
1037 3797 1165 3855 autem
1186 3793 1326 3856 semel·

274 3901 332 3966 lae
364 3895 555 3982 generari.
608 3893 775 3979 Embryo
818 3897 987 3962 attrahit
1030 3897 1260 3980 sanguinem
1304 3917 1324 3962 e

274 4005 481 4088 placenta,
502 3997 619 4062 vitali
653 3998 795 4082 spiritu
828 3998 1162 4080 impraegnatum
1185 4018 1204 4060 e
1234 4017 1325 4060 san·

274 4107 394 4192 guine
415 4101 645 4171 evolvuntur
674 4121 805 4165 carnes
830 4106 868 4168 et
899 4100 1069 4178 viscere;
1088 4119 1107 4162 e
1136 4099 1325 4184 sanguine

279 4227 365 4272 cum
388 4204 531 4288 spiritu
554 4204 669 4316 misto
692 4225 786 4268 vasa
805 4206 1047 4272 formantur:
1061 4201 1191 4287 ipsum
1213 4200 1324 4268 deni

273 4331 346 4398 que
367 4305 564 4376 cerebrum
587 4329 607 4372 e
627 4277 710 4399 eolo
734 4309 929 4378 evolvitur
947 4309 1107 4376 semine.
