2950 5002
284 353 353 442 ·126
411 338 414 346 Ι
559 430 562 438 ,
692 360 915 424 INGRESSUS·
1001 375 1004 380 '

287 507 407 582 miles·
422 511 531 576 erant
551 501 830 588 propositiones
855 503 906 564 lo.
937 507 1112 578 Anam,
1135 505 1202 590 qni
1231 525 1322 592 pu.

285 617 319 682 ti
344 613 479 698 cuique
496 605 694 706 propriam
715 621 863 688 quoque
886 603 1029 669 tribuit
1058 607 1196 672 vitam.

366 752 531 830 Meliora
552 762 679 820 autem
697 753 872 838 prodidit
901 751 1006 817 Paul.
1034 753 1094 821 los
1128 755 1318 824 Bsnrnnz

284 867 473 954 (archiat.
506 861 604 926 Gall.
632 867 670 924 et
700 860 900 930 cancellar.
930 859 1153 941 Monspel.†
1185 863 1321 948 1806),

284 972 351 1056 qui
383 967 502 1032 vitale
521 964 757 1047 principium
779 958 919 1047 (1773.)
943 961 1211 1046 disquisitioni
1230 967 1319 1028 sub-

280 1072 412 1136 misitt
434 1068 696 1151 Qualicunque
722 1065 878 1128 nomine
905 1063 946 1127 id
957 1063 1193 1148 principium
1215 1087 1319 1130 com-

280 1177 445 1262 pelletur
466 1216 477 1249 ,
500 1173 539 1238 id
577 1172 716 1236 saltem
749 1176 897 1233 certum
930 1175 1015 1244 est,
1037 1190 1104 1233 nec
1136 1170 1184 1233 ad
1214 1173 1319 1257 leges

281 1279 473 1346 chemicas
496 1279 562 1338 aut
583 1273 825 1337 mechanicas
849 1271 947 1336 illud
967 1273 1120 1354 operari
1128 1293 1220 1347 ‚nec
1233 1277 1320 1339 ani*

281 1398 368 1446 mae
408 1375 659 1440 deliberantis
705 1375 916 1456 subjectum
948 1393 1025 1437 esse
1063 1371 1319 1456 impulsibusg

283 1481 363 1566 agit
383 1473 599 1562 autem'per
626 1477 729 1541 vires
751 1478 899 1539 tonicae
932 1481 970 1539 et
1001 1476 1255 1551 masculam,
1280 1483 1319 1543 et

282 1589 460 1669 operatur
492 1581 567 1656 sic,
596 1585 640 1643 ut
667 1579 855 1642 normalis
897 1584 1141 1642 conservetur
1169 1580 1317 1644 mistio.

280 1687 415 1754 Omnis
447 1682 611 1768 eorporis
640 1699 729 1764 pars
767 1679 1028 1745 sensibilitate
1066 1680 1226 1766 gaudet,
1248 1701 1319 1745 nee

259 1774 420 1872 *pendet
438 1807 483 1849 ea
503 1784 667 1869 qualitas
689 1803 712 1844 a
730 1783 861 1849 nervis
883 1783 999 1858 solis,
1022 1788 1059 1846 et
1081 1782 1201 1849 habet
1227 1797 1317 1866 pars

280 1890 407 1956 omnis
435 1907 521 1951 suas
553 1887 654 1950 tiras
692 1885 899 1948 sentientes
924 1890 961 1948 et
988 1891 1207 1962 moventes,
1231 1887 1317 1971 qui·

279 1994 349 2056 bus
370 2011 439 2054 sua
456 1979 796 2074 peragit‘munere.
838 1987 1049 2051 Maximam
1075 1994 1243 2052 meretur
1274 1990 1317 2053 in

234 2141 237 2150 .
278 2095 524 2180 physiologia
561 2091 784 2178 sympathia
822 2092 992 2172 partium
1034 2092 1316 2170 attentionem,

279 2219 355 2284 qua
375 2199 527 2283 energia
541 2213 774 2280 organorum
793 2193 835 2256 in
851 2190 1024 2259 debitum
1048 2194 1205 2278 ponitur
1226 2214 1316 2262 con-

278 2312 442 2371 centum.

326 2441 567 2512 ‘Videbatur
599 2437 800 2510 Stahliana
839 2436 1014 2508 doctrina
1055 2441 1146 2527 1765.
1175 2445 1314 2512 confir·

95 2559 97 2570 ·
207 2621 211 2632 ι
252 2548 400 2626 mari,
423 2570 509 2613 cum
527 2547 815 2611 Fel.Fortsarss
848 2544 1003 2624 (direct.
1025 2564 1119 2610 mus.
1146 2541 1315 2614 Florent.

238 2691 242 2698 ·
276 2652 428 2734 †18o5.)
459 2667 546 2716 suas
578 2650 816 2731 divulgasset
846 2647 1152 2714 observationes:
1177 2650 1313 2716 adver·

276 2757 329 2820 tit
347 2773 483 2836 nempe
503 2752 598 2830 lucis
630 2733 758 2813 radios
786 2748 827 2812 in
856 2749 980 2831 ipsam
1002 2769 1078 2814 non
1099 2771 1210 2836 agere
1242 2755 1313 2819 iri-

274 2857 383 2930 dem,
407 2860 444 2918 et
463 2851 654 2936 pupillam
673 2858 756 2915 tum
777 2848 896 2913 etiam
917 2853 1093 2917 contrahi
1104 2893 1115 2928 ‚
1138 2856 1206 2918 ubi
1225 2857 1312 2932 lux,

275 2964 425 3026 intacta
442 2959 564 3032 iride,
585 2961 651 3040 per
671 2954 862 3037 pupillam
882 2956 927 3019 in
943 2949 1102 3020 intimari
1123 2958 1224 3022 oculi
1243 2977 1311 3040 pe·
1357 2981 1367 2999 ·

207 3081 210 3098 ¹
274 3069 403 3128 netrat
428 3067 577 3146 partes3
599 3057 767 3138 ostendit
806 3064 1026 3139 praeterea,
1048 3059 1198 3124 nullum
1222 3082 1311 3126 esse

275 3188 415 3234 nexum
442 3167 544 3231 inter
566 3164 704 3228 iridem
725 3169 764 3227 et
783 3163 1085 3242 retinam3unde
1109 3165 1198 3229 dein
1221 3188 1310 3232 con·

276 3272 389 3336 clusit
401 3288 418 3331 τ’
434 3268 545 3332 iridis
575 3272 722 3331 motum
751 3267 1015 3330 voluntarium
1044 3289 1140 3341 esse,
1163 3269 1310 3352 ipsam-

253 3381 348 3463 'que
370 3374 541 3438 animam
554 3412 565 3449 ,
589 3387 660 3457 quo
698 3370 865 3432 nimium
896 3375 1022 3432 arceat
1049 3369 1143 3434 lucis
1170 3374 1310 3436 stimu-

162 3557 167 3564 ,
274 3482 376 3550 lum,
402 3475 576 3560 pupillae
612 3491 754 3557 ponere
788 3472 1110 3548 contractionem,
1132 3473 1310 3561 hancque

266 3580 573 3648 'contractionem
605 3578 687 3640 sine
727 3555 961 3638 c‘onscientia
979 3617 990 3650 ,
1024 3582 1062 3640 et
1090 3573 1306 3643 voluntatis

270 3685 433 3769 imperio
455 3682 611 3766 peragi,
635 3675 955 3764 quemadmodum
986 3683 1023 3742 et
1055 3677 1154 3743 aliae
1184 3683 1307 3747 actio-

269 3807 336 3854 nes
356 3785 600 3870 voluntariae
620 3803 688 3866 per
710 3777 1000 3842 adsuetudinem
1023 3785 1060 3843 et
1081 3785 1306 3850 exercitium

270 3885 556 3956 involuntariae
577 3904 619 3948 ac
640 3883 872 3948 necessariae
889 3879 1113 3955 redduntur.

350 4031 393 4118 6)
426 4025 714 4092 Recentioribus
754 4022 977 4088 Stahlianae
1007 4020 1181 4088 theoriae
1213 4043 1303 4110 pro..

266 4131 544 4224 pugnatoribus
567 4129 839 4192 adnumeratur
856 4129 940 4190 Ern.
961 4126 1148 4191 rias-ssa
1180 4123 1303 4218 (pros,

267 4227 499 4326 Lipsiens·)s
530 4231 674 4298 Statuit
705 4229 802 4308 iste,
826 4248 1023 4294 commune
1048 4229 1210 4299 existere
1241 4253 1304 4298 or-
