<?xml version="1.0" encoding="UTF-8"?>
<!DOCTYPE html PUBLIC "-//W3C//DTD XHTML 1.0 Transitional//EN"
    "http://www.w3.org/TR/xhtml1/DTD/xhtml1-transitional.dtd">
<html xmlns="http://www.w3.org/1999/xhtml" xml:lang="en" lang="en">
 <head>
  <title>
</title>
<meta http-equiv="Content-Type" content="text/html;charset=utf-8" />
  <meta name='ocr-system' content='tesseract 3.04.00' />
  <meta name='ocr-capabilities' content='ocr_page ocr_carea ocr_par ocr_line ocrx_word'/>
</head>
<body>
  <div class='ocr_page' id='page_1' title='image "./physiologiamedi01lenhgoog_0086.png"; bbox 0 0 2920 4998; ppageno 0'>
   <div class='ocr_carea' id='block_1_1' title="bbox 363 393 1192 496">
    <p class='ocr_par' dir='ltr' id='par_1_1' title="bbox 363 393 1192 496">
     <span class='ocr_line' id='line_1_1' title="bbox 363 393 1192 496; baseline -0.008 -16"><span class='ocrx_word' id='word_1_1' title='bbox 363 393 585 480; x_wconf 75' lang='lat' dir='ltr'><strong>&#39;Hrsrome</strong></span> <span class='ocrx_word' id='word_1_2' title='bbox 605 409 916 476; x_wconf 75' lang='lat' dir='ltr'><strong>Pursroeocris.</strong></span> <span class='ocrx_word' id='word_1_3' title='bbox 1151 413 1192 496; x_wconf 71' lang='lat'><strong>6,</strong></span> 
     </span>
    </p>
   </div>
   <div class='ocr_carea' id='block_1_2' title="bbox 97 539 1273 1682">
    <p class='ocr_par' dir='ltr' id='par_1_2' title="bbox 97 539 1273 1682">
     <span class='ocr_line' id='line_1_2' title="bbox 162 539 1210 642; baseline -0.004 -20"><span class='ocrx_word' id='word_1_4' title='bbox 162 576 168 586; x_wconf 88' lang='grc'><em>·</em></span> <span class='ocrx_word' id='word_1_5' title='bbox 228 553 416 642; x_wconf 74' lang='lat' dir='ltr'><strong>Exposuit</strong></span> <span class='ocrx_word' id='word_1_6' title='bbox 445 543 618 620; x_wconf 66' lang='lat' dir='ltr'><strong>Gaurum</strong></span> <span class='ocrx_word' id='word_1_7' title='bbox 650 553 849 622; x_wconf 77' lang='lat' dir='ltr'><strong>naturales</strong></span> <span class='ocrx_word' id='word_1_8' title='bbox 880 553 1071 620; x_wconf 73' lang='lat' dir='ltr'><strong>visentum</strong></span> <span class='ocrx_word' id='word_1_9' title='bbox 1101 539 1210 626; x_wconf 43' lang='lat' dir='ltr'><strong>iun-&#39;1</strong></span> 
     </span>
     <span class='ocr_line' id='line_1_3' title="bbox 128 653 1192 741; baseline -0.006 -12"><span class='ocrx_word' id='word_1_10' title='bbox 128 659 294 730; x_wconf 69' lang='lat' dir='ltr'><strong>,stiones</strong></span> <span class='ocrx_word' id='word_1_11' title='bbox 314 659 502 741; x_wconf 73' lang='lat' dir='ltr'><strong>pervices</strong></span> <span class='ocrx_word' id='word_1_12' title='bbox 520 657 689 724; x_wconf 86' lang='lat' dir='ltr'><strong>occultas</strong></span> <span class='ocrx_word' id='word_1_13' title='bbox 710 653 909 738; x_wconf 86' lang='lat' dir='ltr'><strong>(attra&#39;h</strong></span> <span class='ocrx_word' id='word_1_14' title='bbox 922 662 1106 731; x_wconf 80' lang='lat' dir='ltr'><strong>entem,</strong></span> <span class='ocrx_word' id='word_1_15' title='bbox 1122 673 1192 723; x_wconf 79' lang='lat' dir='ltr'><strong>re·</strong></span> 
     </span>
     <span class='ocr_line' id='line_1_4' title="bbox 128 762 1193 850; baseline -0.004 -20"><span class='ocrx_word' id='word_1_16' title='bbox 128 767 441 850; x_wconf 46' lang='lat' dir='ltr'><strong>liuentem,</strong></span> <span class='ocrx_word' id='word_1_17' title='bbox 473 764 837 832; x_wconf 78' lang='lat' dir='ltr'><strong>alternantem</strong></span> <span class='ocrx_word' id='word_1_18' title='bbox 869 769 907 828; x_wconf 85' lang='lat' dir='ltr'><strong>ot</strong></span> <span class='ocrx_word' id='word_1_19' title='bbox 940 762 1193 848; x_wconf 84' lang='lat' dir='ltr'><strong>expultri-</strong></span> 
     </span>
     <span class='ocr_line' id='line_1_5' title="bbox 144 865 1213 956; baseline -0.002 -24"><span class='ocrx_word' id='word_1_20' title='bbox 144 868 288 956; x_wconf 84' lang='lat' dir='ltr'><strong>cem).</strong></span> <span class='ocrx_word' id='word_1_21' title='bbox 328 869 471 934; x_wconf 80' lang='lat' dir='ltr'>Docuit</span> <span class='ocrx_word' id='word_1_22' title='bbox 490 867 653 954; x_wconf 83' lang='lat' dir='ltr'><strong>quippe,</strong></span> <span class='ocrx_word' id='word_1_23' title='bbox 676 887 790 932; x_wconf 88' lang='lat' dir='ltr'><strong>omne</strong></span> <span class='ocrx_word' id='word_1_24' title='bbox 809 869 936 932; x_wconf 84' lang='lat' dir='ltr'><strong>viscus</strong></span> <span class='ocrx_word' id='word_1_25' title='bbox 965 886 1049 931; x_wconf 88' lang='lat' dir='ltr'><strong>eam</strong></span> <span class='ocrx_word' id='word_1_26' title='bbox 1067 865 1213 948; x_wconf 79' lang='lat' dir='ltr'><strong>possi-⁸</strong></span> 
     </span>
     <span class='ocr_line' id='line_1_6' title="bbox 147 955 1195 1058; baseline -0.002 -22"><span class='ocrx_word' id='word_1_27' title='bbox 147 971 237 1036; x_wconf 89' lang='lat' dir='ltr'><strong>dere</strong></span> <span class='ocrx_word' id='word_1_28' title='bbox 256 955 556 1056; x_wconf 83' lang='lat' dir='ltr'><strong>proprietatem,</strong></span> <span class='ocrx_word' id='word_1_29' title='bbox 580 991 654 1058; x_wconf 85' lang='lat' dir='ltr'><strong>qua</strong></span> <span class='ocrx_word' id='word_1_30' title='bbox 673 970 736 1046; x_wconf 82' lang='lat' dir='ltr'><strong>id,</strong></span> <span class='ocrx_word' id='word_1_31' title='bbox 760 971 860 1058; x_wconf 85' lang='lat' dir='ltr'><strong>quod</strong></span> <span class='ocrx_word' id='word_1_32' title='bbox 881 972 960 1035; x_wconf 85' lang='lat' dir='ltr'><strong>sibi</strong></span> <span class='ocrx_word' id='word_1_33' title='bbox 978 967 1195 1057; x_wconf 86' lang='lat' dir='ltr'><strong>proficuum</strong></span> 
     </span>
     <span class='ocr_line' id='line_1_7' title="bbox 148 1063 1273 1160; baseline -0.003 -20"><span class='ocrx_word' id='word_1_34' title='bbox 148 1081 230 1150; x_wconf 88' lang='lat' dir='ltr'><strong>est,</strong></span> <span class='ocrx_word' id='word_1_35' title='bbox 253 1081 291 1141; x_wconf 85' lang='lat' dir='ltr'><strong>et</strong></span> <span class='ocrx_word' id='word_1_36' title='bbox 311 1076 522 1142; x_wconf 86' lang='lat' dir='ltr'><strong>nutritioni</strong></span> <span class='ocrx_word' id='word_1_37' title='bbox 555 1075 759 1152; x_wconf 87' lang='lat' dir='ltr'><strong>idoneum,</strong></span> <span class='ocrx_word' id='word_1_38' title='bbox 780 1063 977 1153; x_wconf 77' lang='lat' dir='ltr'><strong>attrahat,</strong></span> <span class='ocrx_word' id='word_1_39' title='bbox 1005 1096 1049 1141; x_wconf 90' lang='lat' dir='ltr'><strong>eo</strong></span> <span class='ocrx_word' id='word_1_40' title='bbox 1074 1095 1220 1160; x_wconf 87' lang='lat' dir='ltr'><strong>usque·</strong></span> <span class='ocrx_word' id='word_1_41' title='bbox 1271 1097 1273 1104; x_wconf 57' lang='lat'><strong>⁴</strong></span> 
     </span>
     <span class='ocr_line' id='line_1_8' title="bbox 146 1177 1194 1266; baseline -0.008 -17"><span class='ocrx_word' id='word_1_42' title='bbox 146 1182 340 1259; x_wconf 82' lang='lat' dir='ltr'><strong>retineat,</strong></span> <span class='ocrx_word' id='word_1_43' title='bbox 361 1181 480 1246; x_wconf 89' lang='lat' dir='ltr'><strong>donec</strong></span> <span class='ocrx_word' id='word_1_44' title='bbox 498 1181 788 1248; x_wconf 56' lang='lat' dir='ltr'><strong>illossaturetur</strong></span> <span class='ocrx_word' id='word_1_45' title='bbox 799 1222 811 1256; x_wconf 90' lang='lat'>‚</span> <span class='ocrx_word' id='word_1_46' title='bbox 834 1186 947 1266; x_wconf 88' lang='lat' dir='ltr'><strong>atque</strong></span> <span class='ocrx_word' id='word_1_47' title='bbox 967 1180 1026 1246; x_wconf 89' lang='lat' dir='ltr'><strong>ita</strong></span> <span class='ocrx_word' id='word_1_48' title='bbox 1045 1177 1194 1254; x_wconf 80' lang='lat' dir='ltr'><strong>mutet,</strong></span> 
     </span>
     <span class='ocr_line' id='line_1_9' title="bbox 147 1277 1195 1372; baseline -0.002 -22"><span class='ocrx_word' id='word_1_49' title='bbox 147 1292 194 1359; x_wconf 83' lang='lat' dir='ltr'><strong>ut</strong></span> <span class='ocrx_word' id='word_1_50' title='bbox 214 1277 365 1372; x_wconf 84' lang='lat' dir='ltr'><strong>corpori</strong></span> <span class='ocrx_word' id='word_1_51' title='bbox 386 1286 654 1366; x_wconf 60' lang='lat' dir='ltr'><strong>adsimilatum</strong></span> <span class='ocrx_word' id='word_1_52' title='bbox 677 1287 718 1350; x_wconf 89' lang='lat' dir='ltr'><strong>id</strong></span> <span class='ocrx_word' id='word_1_53' title='bbox 745 1306 858 1360; x_wconf 88' lang='lat' dir='ltr'><strong>vero,</strong></span> <span class='ocrx_word' id='word_1_54' title='bbox 882 1286 983 1371; x_wconf 84' lang='lat' dir='ltr'><strong>quod</strong></span> <span class='ocrx_word' id='word_1_55' title='bbox 1010 1285 1195 1350; x_wconf 88' lang='lat' dir='ltr'><strong>nocivum</strong></span> 
     </span>
     <span class='ocr_line' id='line_1_10' title="bbox 146 1387 1194 1475; baseline -0.005 -20"><span class='ocrx_word' id='word_1_56' title='bbox 146 1395 209 1455; x_wconf 87' lang='lat' dir='ltr'><strong>est</strong></span> <span class='ocrx_word' id='word_1_57' title='bbox 232 1389 405 1474; x_wconf 83' lang='lat' dir='ltr'><strong>corpori,</strong></span> <span class='ocrx_word' id='word_1_58' title='bbox 425 1409 494 1473; x_wconf 88' lang='lat' dir='ltr'><strong>pro</strong></span> <span class='ocrx_word' id='word_1_59' title='bbox 514 1389 573 1454; x_wconf 88' lang='lat' dir='ltr'><strong>sui</strong></span> <span class='ocrx_word' id='word_1_60' title='bbox 598 1395 706 1475; x_wconf 89' lang='lat' dir='ltr'><strong>aptet</strong></span> <span class='ocrx_word' id='word_1_61' title='bbox 724 1390 1007 1458; x_wconf 85' lang='lat' dir='ltr'><strong>eliminatione.</strong></span> <span class='ocrx_word' id='word_1_62' title='bbox 1028 1388 1096 1454; x_wconf 91' lang='lat' dir='ltr'><strong>His</strong></span> <span class='ocrx_word' id='word_1_63' title='bbox 1118 1387 1194 1472; x_wconf 84' lang='lat' dir='ltr'><strong>igi-</strong></span> 
     </span>
     <span class='ocr_line' id='line_1_11' title="bbox 97 1479 1196 1583; baseline -0.005 -27"><span class='ocrx_word' id='word_1_64' title='bbox 97 1479 104 1492; x_wconf 75' lang='grc'><strong>’</strong></span> <span class='ocrx_word' id='word_1_65' title='bbox 147 1491 440 1583; x_wconf 71' lang='lat' dir='ltr'><strong>turprincipiis</strong></span> <span class='ocrx_word' id='word_1_66' title='bbox 462 1493 691 1557; x_wconf 70' lang='lat' dir='ltr'><strong>nutritionis</strong></span> <span class='ocrx_word' id='word_1_67' title='bbox 702 1483 952 1567; x_wconf 80' lang='lat' dir='ltr'><strong>‚exorationis</strong></span> <span class='ocrx_word' id='word_1_68' title='bbox 970 1497 1008 1559; x_wconf 85' lang='lat' dir='ltr'><strong>et</strong></span> <span class='ocrx_word' id='word_1_69' title='bbox 1026 1491 1196 1576; x_wconf 77' lang='lat' dir='ltr'><strong>relique-</strong></span> 
     </span>
     <span class='ocr_line' id='line_1_12' title="bbox 146 1591 1196 1682; baseline -0.001 -24"><span class='ocrx_word' id='word_1_70' title='bbox 146 1613 236 1658; x_wconf 86' lang='lat' dir='ltr'><strong>rum</strong></span> <span class='ocrx_word' id='word_1_71' title='bbox 256 1591 501 1664; x_wconf 81' lang='lat' dir='ltr'><strong>functionum</strong></span> <span class='ocrx_word' id='word_1_72' title='bbox 522 1595 704 1682; x_wconf 79' lang='lat' dir='ltr'><strong>animalis</strong></span> <span class='ocrx_word' id='word_1_73' title='bbox 727 1595 896 1679; x_wconf 86' lang='lat' dir='ltr'><strong>corporis</strong></span> <span class='ocrx_word' id='word_1_74' title='bbox 920 1592 1196 1677; x_wconf 78' lang='lat' dir='ltr'><strong>superstruitur</strong></span> 
     </span>
    </p>
   </div>
   <div class='ocr_carea' id='block_1_3' title="bbox 148 1695 1309 1884">
    <p class='ocr_par' dir='ltr' id='par_1_3' title="bbox 148 1695 1309 1884">
     <span class='ocr_line' id='line_1_13' title="bbox 148 1695 1309 1782; baseline -0.002 -22"><span class='ocrx_word' id='word_1_75' title='bbox 148 1695 315 1760; x_wconf 84' lang='lat' dir='ltr'><strong>theoria.</strong></span> <span class='ocrx_word' id='word_1_76' title='bbox 359 1697 485 1772; x_wconf 86' lang='lat' dir='ltr'><strong>Motus</strong></span> <span class='ocrx_word' id='word_1_77' title='bbox 518 1696 750 1760; x_wconf 86' lang='lat' dir='ltr'><strong>musculares</strong></span> <span class='ocrx_word' id='word_1_78' title='bbox 778 1697 1023 1770; x_wconf 79' lang='lat' dir='ltr'><strong>naturalibus</strong></span> <span class='ocrx_word' id='word_1_79' title='bbox 1047 1715 1197 1782; x_wconf 88' lang='lat' dir='ltr'><strong>quoque</strong></span> <span class='ocrx_word' id='word_1_80' title='bbox 1306 1719 1309 1724; x_wconf 92' lang='lat'>·</span> 
     </span>
     <span class='ocr_line' id='line_1_14' title="bbox 150 1798 1301 1884; baseline 0.006 -22"><span class='ocrx_word' id='word_1_81' title='bbox 150 1798 455 1864; x_wconf 85' lang='lat' dir='ltr'><strong>adnumerantur</strong></span> <span class='ocrx_word' id='word_1_82' title='bbox 481 1798 768 1875; x_wconf 86' lang='lat' dir='ltr'><strong>functionibus,</strong></span> <span class='ocrx_word' id='word_1_83' title='bbox 793 1807 830 1864; x_wconf 89' lang='lat' dir='ltr'><strong>et</strong></span> <span class='ocrx_word' id='word_1_84' title='bbox 860 1807 1101 1884; x_wconf 80' lang='lat' dir='ltr'><strong>exponuntur</strong></span> <span class='ocrx_word' id='word_1_85' title='bbox 1132 1817 1197 1862; x_wconf 87' lang='lat' dir='ltr'><strong>eo·</strong></span> <span class='ocrx_word' id='word_1_86' title='bbox 1296 1854 1301 1869; x_wconf 91' lang='lat'><strong><em>.</em></strong></span> 
     </span>
    </p>
   </div>
   <div class='ocr_carea' id='block_1_4' title="bbox 126 1900 1226 2196">
    <p class='ocr_par' dir='ltr' id='par_1_4' title="bbox 126 1900 1226 2196">
     <span class='ocr_line' id='line_1_15' title="bbox 151 1900 1226 1986; baseline 0 -22"><span class='ocrx_word' id='word_1_87' title='bbox 151 1921 240 1974; x_wconf 76' lang='lat' dir='ltr'><strong>rum</strong></span> <span class='ocrx_word' id='word_1_88' title='bbox 270 1902 371 1986; x_wconf 82' lang='lat' dir='ltr'><strong>leges</strong></span> <span class='ocrx_word' id='word_1_89' title='bbox 394 1923 439 1968; x_wconf 85' lang='lat' dir='ltr'><strong>ex</strong></span> <span class='ocrx_word' id='word_1_90' title='bbox 470 1900 767 1984; x_wconf 76' lang='lat' dir='ltr'><strong>antagonism03</strong></span> <span class='ocrx_word' id='word_1_91' title='bbox 789 1901 918 1968; x_wconf 73' lang='lat' dir='ltr'><strong>officia</strong></span> <span class='ocrx_word' id='word_1_92' title='bbox 948 1909 1080 1967; x_wconf 89' lang='lat' dir='ltr'><strong>autem</strong></span> <span class='ocrx_word' id='word_1_93' title='bbox 1112 1918 1226 1972; x_wconf 40' lang='lat' dir='ltr'><strong>mus*</strong></span> 
     </span>
     <span class='ocr_line' id='line_1_16' title="bbox 148 2003 1197 2088; baseline -0.006 -14"><span class='ocrx_word' id='word_1_94' title='bbox 148 2005 346 2074; x_wconf 69' lang='lat' dir='ltr'><strong>oculorum</strong></span> <span class='ocrx_word' id='word_1_95' title='bbox 369 2026 388 2071; x_wconf 90' lang='lat' dir='ltr'><strong>e</strong></span> <span class='ocrx_word' id='word_1_96' title='bbox 412 2003 698 2081; x_wconf 86' lang='lat' dir='ltr'><strong>contractione,</strong></span> <span class='ocrx_word' id='word_1_97' title='bbox 715 2005 982 2088; x_wconf 79' lang='lat' dir='ltr'><strong>relaxatione,</strong></span> <span class='ocrx_word' id='word_1_98' title='bbox 999 2005 1090 2088; x_wconf 40' lang='lat' dir='ltr'><strong>,loco</strong></span> <span class='ocrx_word' id='word_1_99' title='bbox 1112 2015 1197 2069; x_wconf 83' lang='lat' dir='ltr'><strong>mo·</strong></span> 
     </span>
     <span class='ocr_line' id='line_1_17' title="bbox 126 2107 1053 2196; baseline 0.01 -24"><span class='ocrx_word' id='word_1_100' title='bbox 126 2114 131 2122; x_wconf 85' lang='grc'><em>’</em></span> <span class='ocrx_word' id='word_1_101' title='bbox 150 2107 260 2174; x_wconf 89' lang='lat' dir='ltr'><strong>tione</strong></span> <span class='ocrx_word' id='word_1_102' title='bbox 284 2113 323 2174; x_wconf 86' lang='lat' dir='ltr'><strong>et</strong></span> <span class='ocrx_word' id='word_1_103' title='bbox 342 2111 475 2178; x_wconf 85' lang='lat' dir='ltr'><strong>tonica</strong></span> <span class='ocrx_word' id='word_1_104' title='bbox 497 2112 673 2176; x_wconf 78' lang='lat' dir='ltr'><strong>tensione</strong></span> <span class='ocrx_word' id='word_1_105' title='bbox 697 2112 952 2196; x_wconf 84' lang='lat' dir='ltr'><strong>explicantur·</strong></span> <span class='ocrx_word' id='word_1_106' title='bbox 1050 2161 1053 2168; x_wconf 63' lang='grc'><strong><em>«</em></strong></span> 
     </span>
    </p>
   </div>
   <div class='ocr_carea' id='block_1_5' title="bbox 77 2246 1299 2966">
    <p class='ocr_par' dir='ltr' id='par_1_5' title="bbox 135 2246 1299 2966">
     <span class='ocr_line' id='line_1_18' title="bbox 135 2246 1200 2337; baseline 0.005 -22"><span class='ocrx_word' id='word_1_107' title='bbox 135 2246 140 2259; x_wconf 94' lang='grc'>’</span> <span class='ocrx_word' id='word_1_108' title='bbox 236 2252 330 2316; x_wconf 81' lang='lat' dir='ltr'><strong>Cum</strong></span> <span class='ocrx_word' id='word_1_109' title='bbox 359 2251 557 2337; x_wconf 86' lang='lat' dir='ltr'><strong>principia</strong></span> <span class='ocrx_word' id='word_1_110' title='bbox 593 2251 802 2337; x_wconf 87' lang='lat' dir='ltr'><strong>dynamica</strong></span> <span class='ocrx_word' id='word_1_111' title='bbox 839 2253 1079 2337; x_wconf 82' lang='lat' dir='ltr'><strong>explicandis</strong></span> <span class='ocrx_word' id='word_1_112' title='bbox 1109 2255 1200 2322; x_wconf 81' lang='lat' dir='ltr'><strong>fun-</strong></span> 
     </span>
     <span class='ocr_line' id='line_1_19' title="bbox 152 2353 1273 2433; baseline 0.008 -14"><span class='ocrx_word' id='word_1_113' title='bbox 152 2353 350 2422; x_wconf 83' lang='lat' dir='ltr'><strong>ctionibus</strong></span> <span class='ocrx_word' id='word_1_114' title='bbox 369 2355 541 2426; x_wconf 79' lang='lat' dir='ltr'><strong>sufficere</strong></span> <span class='ocrx_word' id='word_1_115' title='bbox 561 2355 718 2420; x_wconf 77' lang='lat' dir='ltr'><strong>Gaseuo</strong></span> <span class='ocrx_word' id='word_1_116' title='bbox 739 2375 817 2419; x_wconf 90' lang='lat' dir='ltr'><strong>non</strong></span> <span class='ocrx_word' id='word_1_117' title='bbox 829 2356 1200 2433; x_wconf 86' lang='lat' dir='ltr'><strong>videbantur‚Ari-</strong></span> <span class='ocrx_word' id='word_1_118' title='bbox 1269 2417 1273 2428; x_wconf 92' lang='lat'>.</span> 
     </span>
     <span class='ocr_line' id='line_1_20' title="bbox 150 2453 1200 2545; baseline 0 -21"><span class='ocrx_word' id='word_1_119' title='bbox 150 2453 373 2524; x_wconf 76' lang='lat' dir='ltr'><strong>etotelie</strong></span> <span class='ocrx_word' id='word_1_120' title='bbox 404 2461 577 2545; x_wconf 85' lang='lat' dir='ltr'><strong>exemplo</strong></span> <span class='ocrx_word' id='word_1_121' title='bbox 604 2461 806 2536; x_wconf 85' lang='lat' dir='ltr'><strong>inductus,</strong></span> <span class='ocrx_word' id='word_1_122' title='bbox 832 2463 1106 2528; x_wconf 83' lang='lat' dir='ltr'><strong>elementarem</strong></span> <span class='ocrx_word' id='word_1_123' title='bbox 1129 2460 1200 2525; x_wconf 86' lang='lat' dir='ltr'><strong>ad-</strong></span> 
     </span>
     <span class='ocr_line' id='line_1_21' title="bbox 148 2562 1234 2650; baseline 0.002 -26"><span class='ocrx_word' id='word_1_124' title='bbox 148 2562 246 2644; x_wconf 68' lang='lat' dir='ltr'><strong>jecit</strong></span> <span class='ocrx_word' id='word_1_125' title='bbox 262 2562 478 2630; x_wconf 86' lang='lat' dir='ltr'><strong>theoriam.</strong></span> <span class='ocrx_word' id='word_1_126' title='bbox 492 2565 539 2628; x_wconf 88' lang='lat' dir='ltr'><strong>ab</strong></span> <span class='ocrx_word' id='word_1_127' title='bbox 559 2564 760 2642; x_wconf 84' lang='lat' dir='ltr'><strong>elementis</strong></span> <span class='ocrx_word' id='word_1_128' title='bbox 781 2583 985 2648; x_wconf 89' lang='lat' dir='ltr'><strong>corporum</strong></span> <span class='ocrx_word' id='word_1_129' title='bbox 1007 2564 1137 2648; x_wconf 85' lang='lat' dir='ltr'><strong>prim</strong></span> <span class='ocrx_word' id='word_1_130' title='bbox 1150 2583 1202 2627; x_wconf 88' lang='lat' dir='ltr'><strong>ae</strong></span> <span class='ocrx_word' id='word_1_131' title='bbox 1229 2640 1234 2650; x_wconf 26' lang='grc' dir='ltr'><em>ι</em></span> 
     </span>
     <span class='ocr_line' id='line_1_22' title="bbox 77 2664 1200 2752; baseline 0 -24"><span class='ocrx_word' id='word_1_132' title='bbox 77 2664 325 2750; x_wconf 83' lang='lat' dir='ltr'><strong>pendent</strong></span> <span class='ocrx_word' id='word_1_133' title='bbox 355 2665 582 2751; x_wconf 83' lang='lat' dir='ltr'><strong>qualitates,</strong></span> <span class='ocrx_word' id='word_1_134' title='bbox 607 2667 769 2752; x_wconf 85' lang='lat' dir='ltr'><strong>quaein</strong></span> <span class='ocrx_word' id='word_1_135' title='bbox 797 2685 927 2732; x_wconf 86' lang='lat' dir='ltr'><strong>sensus</strong></span> <span class='ocrx_word' id='word_1_136' title='bbox 960 2666 1110 2732; x_wconf 86' lang='lat' dir='ltr'><strong>haud</strong></span> <span class='ocrx_word' id='word_1_137' title='bbox 1099 2664 1200 2730; x_wconf 83' lang='lat' dir='ltr'><strong>ruci·-</strong></span> 
     </span>
     <span class='ocr_line' id='line_1_23' title="bbox 151 2751 1201 2857; baseline 0.002 -26"><span class='ocrx_word' id='word_1_138' title='bbox 151 2767 287 2848; x_wconf 78' lang='lat' dir='ltr'><strong>dunt3</strong></span> <span class='ocrx_word' id='word_1_139' title='bbox 314 2769 449 2834; x_wconf 83' lang='lat' dir='ltr'><strong>mietio</strong></span> <span class='ocrx_word' id='word_1_140' title='bbox 492 2775 621 2834; x_wconf 86' lang='lat' dir='ltr'><strong>autem</strong></span> <span class='ocrx_word' id='word_1_141' title='bbox 663 2751 942 2836; x_wconf 83' lang='lat' dir='ltr'><strong>elementorum</strong></span> <span class='ocrx_word' id='word_1_142' title='bbox 980 2769 1201 2857; x_wconf 68' lang='lat' dir='ltr'><strong>(tempem</strong></span> 
     </span>
     <span class='ocr_line' id='line_1_24' title="bbox 152 2814 1299 2966; baseline 0.002 -31"><span class='ocrx_word' id='word_1_143' title='bbox 152 2814 292 2966; x_wconf 56' lang='lat' dir='ltr'><strong>ries}</strong></span> <span class='ocrx_word' id='word_1_144' title='bbox 328 2870 668 2936; x_wconf 76' lang='lat' dir='ltr'><strong>secundariae</strong></span> <span class='ocrx_word' id='word_1_145' title='bbox 714 2871 926 2958; x_wconf 81' lang='lat' dir='ltr'><strong>constituit</strong></span> <span class='ocrx_word' id='word_1_146' title='bbox 959 2871 1201 2958; x_wconf 83' lang='lat' dir='ltr'><strong>qualitates,</strong></span> <span class='ocrx_word' id='word_1_147' title='bbox 1294 2889 1299 2900; x_wconf 85' lang='lat'><strong>·</strong></span> 
     </span>
    </p>
   </div>
   <div class='ocr_carea' id='block_1_6' title="bbox 31 2973 1203 3057">
    <p class='ocr_par' dir='ltr' id='par_1_6' title="bbox 31 2973 1203 3057">
     <span class='ocr_line' id='line_1_25' title="bbox 31 2973 1203 3057; baseline 0.005 -23"><span class='ocrx_word' id='word_1_148' title='bbox 31 3045 34 3052; x_wconf 17' lang='grc' dir='ltr'><strong><em>Δ</em></strong></span> <span class='ocrx_word' id='word_1_149' title='bbox 155 2991 254 3056; x_wconf 88' lang='lat' dir='ltr'><strong>quae</strong></span> <span class='ocrx_word' id='word_1_150' title='bbox 275 2981 385 3036; x_wconf 86' lang='lat' dir='ltr'><strong>sensu</strong></span> <span class='ocrx_word' id='word_1_151' title='bbox 403 2973 677 3057; x_wconf 83' lang='lat' dir='ltr'><strong>perceptibiles</strong></span> <span class='ocrx_word' id='word_1_152' title='bbox 703 2973 806 3038; x_wconf 76' lang='lat' dir='ltr'><strong>eunt.</strong></span> <span class='ocrx_word' id='word_1_153' title='bbox 849 2976 1023 3040; x_wconf 83' lang='lat' dir='ltr'><strong>Maxima</strong></span> <span class='ocrx_word' id='word_1_154' title='bbox 1047 2981 1112 3040; x_wconf 86' lang='lat' dir='ltr'><strong>est</strong></span> <span class='ocrx_word' id='word_1_155' title='bbox 1142 2981 1203 3040; x_wconf 86' lang='lat' dir='ltr'><strong>at·</strong></span> 
     </span>
    </p>
   </div>
   <div class='ocr_carea' id='block_1_7' title="bbox 154 3073 1203 3163">
    <p class='ocr_par' dir='ltr' id='par_1_7' title="bbox 154 3073 1203 3163">
     <span class='ocr_line' id='line_1_26' title="bbox 154 3073 1203 3163; baseline 0.004 -23"><span class='ocrx_word' id='word_1_156' title='bbox 154 3077 300 3142; x_wconf 86' lang='lat' dir='ltr'><strong>tractio</strong></span> <span class='ocrx_word' id='word_1_157' title='bbox 315 3077 506 3146; x_wconf 86' lang='lat' dir='ltr'><strong>materiae</strong></span> <span class='ocrx_word' id='word_1_158' title='bbox 530 3073 637 3140; x_wconf 86' lang='lat' dir='ltr'><strong>illius</strong></span> <span class='ocrx_word' id='word_1_159' title='bbox 648 3077 788 3160; x_wconf 74' lang='lat' dir='ltr'><strong>,cujus</strong></span> <span class='ocrx_word' id='word_1_160' title='bbox 809 3079 1018 3163; x_wconf 83' lang='lat' dir='ltr'><strong>qualitates</strong></span> <span class='ocrx_word' id='word_1_161' title='bbox 1035 3081 1203 3144; x_wconf 89' lang='lat' dir='ltr'><strong>elemen-</strong></span> 
     </span>
    </p>
   </div>
   <div class='ocr_carea' id='block_1_8' title="bbox 156 3179 1301 3267">
    <p class='ocr_par' dir='ltr' id='par_1_8' title="bbox 156 3179 1301 3267">
     <span class='ocr_line' id='line_1_27' title="bbox 156 3179 1301 3267; baseline 0.004 -25"><span class='ocrx_word' id='word_1_162' title='bbox 156 3183 261 3244; x_wconf 83' lang='lat' dir='ltr'><strong>tares</strong></span> <span class='ocrx_word' id='word_1_163' title='bbox 290 3179 426 3263; x_wconf 82' lang='lat' dir='ltr'><strong>organi</strong></span> <span class='ocrx_word' id='word_1_164' title='bbox 447 3180 682 3247; x_wconf 81' lang='lat' dir='ltr'><strong>attrahentis</strong></span> <span class='ocrx_word' id='word_1_165' title='bbox 700 3181 968 3267; x_wconf 17' lang='lat' dir='ltr'><strong>*qualitatibus</strong></span> <span class='ocrx_word' id='word_1_166' title='bbox 989 3183 1205 3267; x_wconf 84' lang='lat' dir='ltr'><strong>plurimum</strong></span> <span class='ocrx_word' id='word_1_167' title='bbox 1298 3191 1301 3200; x_wconf 86' lang='lat'>&#39;</span> 
     </span>
    </p>
   </div>
   <div class='ocr_carea' id='block_1_9' title="bbox 43 3283 1314 3494">
    <p class='ocr_par' dir='ltr' id='par_1_9' title="bbox 43 3283 1314 3494">
     <span class='ocr_line' id='line_1_28' title="bbox 156 3283 1204 3371; baseline 0 -21"><span class='ocrx_word' id='word_1_168' title='bbox 156 3283 402 3367; x_wconf 75' lang='lat' dir='ltr'><strong>respondent.</strong></span> <span class='ocrx_word' id='word_1_169' title='bbox 445 3285 617 3370; x_wconf 81' lang='lat' dir='ltr'><strong>Quatuor</strong></span> <span class='ocrx_word' id='word_1_170' title='bbox 636 3284 850 3351; x_wconf 85' lang='lat' dir='ltr'><strong>cardinales</strong></span> <span class='ocrx_word' id='word_1_171' title='bbox 870 3285 1041 3371; x_wconf 79' lang='lat' dir='ltr'><strong>corporis</strong></span> <span class='ocrx_word' id='word_1_172' title='bbox 1064 3288 1204 3352; x_wconf 86' lang='lat' dir='ltr'><strong>humo-</strong></span> 
     </span>
     <span class='ocr_line' id='line_1_29' title="bbox 43 3383 1314 3494; baseline 0.002 -42"><span class='ocrx_word' id='word_1_173' title='bbox 43 3466 59 3494; x_wconf 25' lang='lat'>*</span> <span class='ocrx_word' id='word_1_174' title='bbox 156 3407 219 3453; x_wconf 85' lang='lat' dir='ltr'><strong>res</strong></span> <span class='ocrx_word' id='word_1_175' title='bbox 252 3387 338 3454; x_wconf 85' lang='lat' dir='ltr'><strong>istis</strong></span> <span class='ocrx_word' id='word_1_176' title='bbox 368 3405 515 3474; x_wconf 89' lang='lat' dir='ltr'><strong>quoque</strong></span> <span class='ocrx_word' id='word_1_177' title='bbox 543 3388 777 3474; x_wconf 84' lang='lat' dir='ltr'><strong>respondent</strong></span> <span class='ocrx_word' id='word_1_178' title='bbox 814 3383 1095 3472; x_wconf 76' lang='lat' dir='ltr'><strong>qualitatibus3</strong></span> <span class='ocrx_word' id='word_1_179' title='bbox 1116 3409 1206 3454; x_wconf 81' lang='lat' dir='ltr'><strong>san·</strong></span> <span class='ocrx_word' id='word_1_180' title='bbox 1312 3459 1314 3465; x_wconf 68' lang='grc'>,</span> 
     </span>
    </p>
   </div>
   <div class='ocr_carea' id='block_1_10' title="bbox 72 3487 1396 3684">
    <p class='ocr_par' dir='ltr' id='par_1_10' title="bbox 72 3487 1396 3684">
     <span class='ocr_line' id='line_1_30' title="bbox 72 3487 1396 3580; baseline 0.001 -23"><span class='ocrx_word' id='word_1_181' title='bbox 72 3568 75 3576; x_wconf 42' lang='grc'>,</span> <span class='ocrx_word' id='word_1_182' title='bbox 159 3494 248 3580; x_wconf 78' lang='lat' dir='ltr'><strong>guis</strong></span> <span class='ocrx_word' id='word_1_183' title='bbox 274 3494 411 3577; x_wconf 86' lang='lat' dir='ltr'><strong>primis</strong></span> <span class='ocrx_word' id='word_1_184' title='bbox 438 3500 592 3561; x_wconf 84' lang='lat' dir='ltr'><strong>tentum</strong></span> <span class='ocrx_word' id='word_1_185' title='bbox 633 3495 883 3568; x_wconf 84' lang='lat' dir='ltr'><strong>constituitur</strong></span> <span class='ocrx_word' id='word_1_186' title='bbox 922 3495 1202 3578; x_wconf 85' lang='lat' dir='ltr'><strong>qualitatibus,</strong></span> <span class='ocrx_word' id='word_1_187' title='bbox 1317 3525 1320 3536; x_wconf 90' lang='lat'>·</span> <span class='ocrx_word' id='word_1_188' title='bbox 1393 3487 1396 3494; x_wconf 80' lang='grc'><strong>’</strong></span> 
     </span>
     <span class='ocr_line' id='line_1_31' title="bbox 158 3592 1306 3684; baseline -0.003 -22"><span class='ocrx_word' id='word_1_189' title='bbox 158 3594 353 3680; x_wconf 70' lang='lat' dir='ltr'><strong>siquidem</strong></span> <span class='ocrx_word' id='word_1_190' title='bbox 383 3595 612 3660; x_wconf 87' lang='lat' dir='ltr'><strong>elementa</strong></span> <span class='ocrx_word' id='word_1_191' title='bbox 600 3617 643 3660; x_wconf 85' lang='lat' dir='ltr'><strong>rn</strong></span> <span class='ocrx_word' id='word_1_192' title='bbox 664 3616 709 3661; x_wconf 90' lang='lat' dir='ltr'><strong>eo</strong></span> <span class='ocrx_word' id='word_1_193' title='bbox 735 3599 918 3661; x_wconf 88' lang='lat' dir='ltr'><strong>contenta</strong></span> <span class='ocrx_word' id='word_1_194' title='bbox 945 3594 1065 3658; x_wconf 89' lang='lat' dir='ltr'><strong>mista</strong></span> <span class='ocrx_word' id='word_1_195' title='bbox 1099 3592 1206 3658; x_wconf 84' lang='lat' dir='ltr'><strong>haud</strong></span> <span class='ocrx_word' id='word_1_196' title='bbox 1291 3665 1306 3684; x_wconf 55' lang='grc'><strong><em>,</em></strong></span> 
     </span>
    </p>
   </div>
   <div class='ocr_carea' id='block_1_11' title="bbox 150 3697 1244 3991">
    <p class='ocr_par' dir='ltr' id='par_1_11' title="bbox 150 3697 1244 3991">
     <span class='ocr_line' id='line_1_32' title="bbox 153 3697 1206 3785; baseline -0.008 -19.939"><span class='ocrx_word' id='word_1_197' title='bbox 153 3697 224 3765; x_wconf 88' lang='lat' dir='ltr'><strong>ita</strong></span> <span class='ocrx_word' id='word_1_198' title='bbox 242 3706 351 3777; x_wconf 86' lang='lat' dir='ltr'><strong>sunt,</strong></span> <span class='ocrx_word' id='word_1_199' title='bbox 364 3706 408 3765; x_wconf 89' lang='lat' dir='ltr'><strong>ut</strong></span> <span class='ocrx_word' id='word_1_200' title='bbox 427 3719 546 3772; x_wconf 84' lang='lat' dir='ltr'><strong>unum</strong></span> <span class='ocrx_word' id='word_1_201' title='bbox 567 3721 658 3785; x_wconf 85' lang='lat' dir='ltr'><strong>prae</strong></span> <span class='ocrx_word' id='word_1_202' title='bbox 682 3699 818 3766; x_wconf 80' lang='lat' dir='ltr'><strong>ceteris</strong></span> <span class='ocrx_word' id='word_1_203' title='bbox 841 3697 1206 3778; x_wconf 81' lang='lat' dir='ltr'><strong>dominetur3prae·</strong></span> 
     </span>
     <span class='ocr_line' id='line_1_33' title="bbox 161 3797 1206 3889; baseline -0.008 -21"><span class='ocrx_word' id='word_1_204' title='bbox 161 3803 297 3868; x_wconf 78' lang='lat' dir='ltr'><strong>valent</strong></span> <span class='ocrx_word' id='word_1_205' title='bbox 318 3808 449 3867; x_wconf 86' lang='lat' dir='ltr'><strong>autem</strong></span> <span class='ocrx_word' id='word_1_206' title='bbox 472 3817 572 3889; x_wconf 81' lang='lat' dir='ltr'><strong>equa</strong></span> <span class='ocrx_word' id='word_1_207' title='bbox 590 3804 633 3867; x_wconf 91' lang='lat' dir='ltr'><strong>in</strong></span> <span class='ocrx_word' id='word_1_208' title='bbox 654 3823 787 3879; x_wconf 87' lang='lat' dir='ltr'><strong>muco,</strong></span> <span class='ocrx_word' id='word_1_209' title='bbox 810 3801 913 3886; x_wconf 83' lang='lat' dir='ltr'><strong>ignis</strong></span> <span class='ocrx_word' id='word_1_210' title='bbox 934 3799 976 3864; x_wconf 90' lang='lat' dir='ltr'><strong>in</strong></span> <span class='ocrx_word' id='word_1_211' title='bbox 997 3798 1074 3864; x_wconf 87' lang='lat' dir='ltr'><strong>bili</strong></span> <span class='ocrx_word' id='word_1_212' title='bbox 1090 3797 1206 3872; x_wconf 89' lang='lat' dir='ltr'><strong>flava,</strong></span> 
     </span>
     <span class='ocr_line' id='line_1_34' title="bbox 150 3890 1244 3991; baseline -0.006 -22"><span class='ocrx_word' id='word_1_213' title='bbox 150 3911 204 3969; x_wconf 87' lang='lat' dir='ltr'><strong>·et</strong></span> <span class='ocrx_word' id='word_1_214' title='bbox 222 3907 364 3970; x_wconf 89' lang='lat' dir='ltr'><strong>terra</strong></span> <span class='ocrx_word' id='word_1_215' title='bbox 353 3927 395 3970; x_wconf 91' lang='lat' dir='ltr'><strong>1n</strong></span> <span class='ocrx_word' id='word_1_216' title='bbox 412 3890 487 3972; x_wconf 80' lang='lat' dir='ltr'><strong>bili</strong></span> <span class='ocrx_word' id='word_1_217' title='bbox 510 3911 615 3984; x_wconf 80' lang='lat' dir='ltr'><strong>atra;</strong></span> <span class='ocrx_word' id='word_1_218' title='bbox 637 3907 730 3971; x_wconf 89' lang='lat' dir='ltr'><strong>hinc</strong></span> <span class='ocrx_word' id='word_1_219' title='bbox 757 3906 880 3991; x_wconf 86' lang='lat' dir='ltr'><strong>igitur</strong></span> <span class='ocrx_word' id='word_1_220' title='bbox 905 3907 984 3977; x_wconf 83' lang='lat' dir='ltr'><strong>est,</strong></span> <span class='ocrx_word' id='word_1_221' title='bbox 1010 3897 1110 3989; x_wconf 87' lang='lat' dir='ltr'><strong>quod</strong></span> <span class='ocrx_word' id='word_1_222' title='bbox 1133 3898 1207 3963; x_wconf 87' lang='lat' dir='ltr'><strong>hu·</strong></span> <span class='ocrx_word' id='word_1_223' title='bbox 1237 3965 1244 3978; x_wconf 61' lang='grc'>,</span> 
     </span>
    </p>
   </div>
   <div class='ocr_carea' id='block_1_12' title="bbox 30 4003 1206 4098">
    <p class='ocr_par' dir='ltr' id='par_1_12' title="bbox 30 4003 1206 4098">
     <span class='ocr_line' id='line_1_35' title="bbox 30 4003 1206 4098; baseline -0.003 -25"><span class='ocrx_word' id='word_1_224' title='bbox 30 4071 34 4086; x_wconf 71' lang='grc'>,</span> <span class='ocrx_word' id='word_1_225' title='bbox 147 4019 289 4076; x_wconf 83' lang='lat' dir='ltr'><strong>&#39;mores</strong></span> <span class='ocrx_word' id='word_1_226' title='bbox 315 4005 382 4072; x_wconf 85' lang='lat' dir='ltr'><strong>isti</strong></span> <span class='ocrx_word' id='word_1_227' title='bbox 401 4009 481 4075; x_wconf 87' lang='lat' dir='ltr'><strong>sint</strong></span> <span class='ocrx_word' id='word_1_228' title='bbox 503 4009 810 4089; x_wconf 63' lang='lat' dir='ltr'><strong>examinamini,</strong></span> <span class='ocrx_word' id='word_1_229' title='bbox 835 4003 1012 4098; x_wconf 80' lang='lat' dir='ltr'><strong>quodque</strong></span> <span class='ocrx_word' id='word_1_230' title='bbox 1030 4003 1082 4076; x_wconf 71' lang='lat' dir='ltr'><strong>ed</strong></span> <span class='ocrx_word' id='word_1_231' title='bbox 1106 4008 1206 4072; x_wconf 82' lang='lat' dir='ltr'><strong>tem·</strong></span> 
     </span>
    </p>
   </div>
   <div class='ocr_carea' id='block_1_13' title="bbox 153 4118 649 4198">
    <p class='ocr_par' dir='ltr' id='par_1_13' title="bbox 153 4118 649 4198">
     <span class='ocr_line' id='line_1_36' title="bbox 153 4118 649 4198; baseline 0.012 -23"><span class='ocrx_word' id='word_1_232' title='bbox 153 4118 393 4198; x_wconf 70' lang='lat' dir='ltr'><strong>paramento</strong></span> <span class='ocrx_word' id='word_1_233' title='bbox 408 4118 649 4188; x_wconf 77' lang='lat' dir='ltr'><strong>concurrant.</strong></span> 
     </span>
    </p>
   </div>
   <div class='ocr_carea' id='block_1_14' title="bbox 0 0 1484 4998">
    <p class='ocr_par' dir='ltr' id='par_1_14' title="bbox 0 0 1484 4998">
     <span class='ocr_line' id='line_1_37' title="bbox 0 0 1484 4998; baseline 0 0"><span class='ocrx_word' id='word_1_234' title='bbox 0 0 1484 4998; x_wconf 95' lang='lat' dir='ltr'><strong> </strong></span> 
     </span>
    </p>
   </div>
  </div>
 </body>
</html>
