2950 5002
727 379 952 446 Inansssus.
1037 393 1043 408 ‘

763 532 795 602 §-
836 531 892 606 34·

440 709 684 782 Historia
714 709 1040 779 recentioris
1070 714 1198 779 aevi.

375 859 495 928 Annis
518 855 639 940 igitur
656 851 718 917 bis
745 849 858 915 mille
881 852 1108 935 etamplius
1130 856 1347 944 physiolo-

291 964 360 1050 gia
382 969 420 1026 et
449 963 536 1024 tota
564 954 770 1039 disciplina
807 955 960 1020 medica
998 955 1126 1032 culta,
1149 956 1350 1044 variisque

290 1068 388 1158 latis
407 1063 559 1150 agitata
575 1059 673 1134 fuit,
696 1057 816 1122 donec
838 1066 1086 1146 remquam
1118 1081 1219 1128 nunc
1252 1072 1348 1148 pos-

293 1171 416 1244 sidet,
440 1163 647 1248 accepisset
676 1161 844 1246 formam
875 1167 914 1224 et
942 1163 1150 1229 rationem.
1194 1165 1347 1231 sivero

272 1295 360 1348 ,ea,
393 1255 489 1358 puae
519 1271 602 1332 toto
634 1265 709 1329 boc
733 1267 914 1347 ¹ternpore
950 1268 1037 1328 acta
1067 1272 1179 1342 sunt,
1214 1273 1348 1332 mente

292 1355 518 1447 recolimus,
542 1369 689 1432 clarum
717 1364 829 1431 nobis
864 1363 913 1430 fit
941 1371 980 1430 et
1000 1369 1279 1452 perspicuum,
1299 1393 1346 1454 ¹o-

279 1498 424 1564 ¹mnam
447 1472 660 1543 scientium,
676 1459 851 1534 nostram
880 1468 971 1531 sola·
985 1470 1232 1562 experientia·
1253 1493 1348 1537 vera

291 1580 347 1672 (ς.
370 1577 468 1670 19.),
489 1593 583 1642 sano
606 1569 816 1636 ratiocinio
834 1567 978 1670 (luzo.)
998 1570 1177 1664 suffulta,
1202 1591 1347 1638 conva-

291 1686 432 1759 luisse,
468 1685 591 1764 atque
622 1671 830 1757 empiriam
869 1673 1004 1736 rudem
1036 1675 1095 1737 ita
1122 1675 1242 1739 luisse
1277 1675 1347 1740 da-

291 1767 471 1852 mnosam
482 1780 621 1862 ,prout
639 1774 873 1839 luxuriantis
893 1773 1041 1859 ingenii
1062 1775 1347 1860 speculationes
1374 1767 1378 1774 ’

291 1909 426 1956 veram
446 1880 652 1950 scientiam
677 1896 874 1963 nunquam
897 1885 1097 1954 auxerunt,
1112 1883 1151 1943 et
1171 1879 1348 1946 studium

292 1996 459 2057 naturae
493 1981 796 2066 impediverunt.

339 2151 342 2156 '
376 2148 496 2235 Erant
517 2147 647 2210 autem
666 2137 903 2208 adminicula
919 2139 1050 2218 varia,
1074 2125 1170 2228 quae
1188 2139 1346 2211 ultimis

293 2249 536 2333 temporibus
581 2252 856 2310 concurrerunt
893 2244 1095 2339 feliciter,
1129 2243 1346 2332 quibusque

290 2359 455 2424 naturae
475 2347 671 2414 humanae
701 2347 873 2434 cognitio
890 2346 944 2413 ad
973 2353 1126 2440 tantam
1155 2354 1346 2430 provecta

233 2467 236 2474 ⁴
290 2458 352 2521 est
380 2449 670 2536 perfectionem.
714 2453 893 2536 Specta-nt
928 2449 1006 2534 huc
1036 2451 1239 2515 anatomia
1271 2451 1348 2515 hu·

291 2555 410 2626 niana
432 2565 471 2640 et
492 2564 738 2640 comparata,
761 2556 945 2642 physica,
969 2555 1181 2622 chemieet
1210 2577 1345 2622 omnes

290 2663 481 2728 scientiae
501 2661 721 2734 naturales,
738 2679 834 2744 quae
853 2658 942 2724 inde
964 2679 987 2720 a
1005 2660 1098 2735 Bajc
1110 2678 1131 2722 o
1144 2658 1224 2722 nis
1244 2664 1347 2723 tem·

120 2751 122 2760 ,
227 2787 233 2799 '
282 2785 384 2854 ,P0r0
405 2747 458 2848 (§·
477 2779 531 2844 33·
550 2783 588 2834 n,
608 2764 663 2846 7·)
688 2762 860 2826 excultae
881 2741 1251 2839 maxime'fuerunt,
1274 2783 1347 2828 no·
1400 2784 1403 2790 ¹

292 2875 449 2954 atroque
472 2886 566 2944 aevo
589 2864 884 2930 inventionibus
906 2864 1018 2929 novis
1047 2863 1255 2950 insigniter
1274 2885 1346 2929 au-

207 3003 209 3008 ·
290 2977 375 3038 ctae
408 2969 651 3034 exstiterunt.
694 2967 855 3050 Copiosa
887 2973 1086 3051 praeterea
1116 2969 1346 3044 observata,

289 3073 334 3136 in
367 3089 522 3154 corpore
552 3069 723 3132 humano
752 3074 919 3132 sancet
950 3074 1199 3153 aegretante,
1221 3070 1340 3156 inque

291 3171 528 3238 animalibus
560 3170 721 3237 diversis
756 3176 870 3256 capta
879 3211 890 3247 ,
912 3171 1019 3236 vitae
1036 3165 1322 3255 'phaenomena
1331 3216 1343 3250 ,

142 3263 148 3290 ‘
200 3323 209 3337 .
287 3273 447 3361 ejusque
471 3278 577 3360 leges
609 3281 647 3340 et
674 3295 808 3341 causas
837 3263 1051 3357 plurimum
1080 3276 1342 3344 illustrarunt.

288 3379 347 3448 Ad
366 3377 461 3442 haec
484 3375 642 3442 tandem
663 3377 822 3448 accessit
845 3371 988 3442 mantis
1009 3377 1204 3442 humanae
1225 3380 1345 3445 liber·

288 3493 374 3566 tas,
399 3505 497 3571 qua,
521 3481 695 3568 deposito
727 3473 948 3546 scholarum
979 3487 1017 3545 et
1048 3489 1240 3553 sectarum
1282 3484 1343 3549 di.
1373 3549 1387 3565 ἢ

288 3609 490 3660 versarum
520 3588 634 3672 jugo,
657 3605 701 3648 ac
722 3585 883 3647 remotis
911 3573 1157 3668 ignorantiae
1186 3588 1340 3670 praeju-
1375 3667 1378 3672 Ι

224 3707 226 3712 ’
287 3693 399 3762 <liciis
411 3736 423 3770 ,
446 3690 600 3754 licitum
618 3688 698 3770 jam
720 3677 804 3751 erat
824 3687 957 3766 omni,
979 3691 1066 3752 suas'
1095 3687 1269 3771 proferre
1291 3689 1338 3754 de

287 3802 403 3869 rebus
422 3803 585 3878 naturae
606 3781 832 3859 sententias.

371 3964 446 4031 Ubi
469 3961 559 4026 dein
590 3957 638 4024 ad
660 3958 890 4030 recentiores
912 3955 1151 4023 advertimus
1174 3959 1338 4047 physio·

288 4069 397 4154 logos
412 4059 721 4145 -,·comperimus
752 4062 894 4126 iterum
926 4059 987 4126 vel
1021 4062 1251 4143 empiricos,
1274 4066 1340 4130 vel

287 4172 510 4246 eclecticos,
531 4167 594 4232 vel
611 4165 789 4252 ¹denique
821 4168 942 4245 tales,
964 4165 1029 4252 qui
1059 4149 1218 4252 propria
1249 4191 1339 4236 con·

285 4278 470 4348 diderunt
505 4276 751 4357 systemata3
792 4272 1040 4357 systematici
1070 4291 1161 4339 vere
1193 4274 1339 4343 iterum
