2920 4998
271 361 292 413 ι
675 311 888 404 inanesces.

223 511 239 538 ⁸
263 489 395 561 stunt,
416 487 455 548 et
475 484 613 546 cuncte
631 462 828 564 ponuntur'
855 479 1146 564 phaenomena,
1165 487 1313 546 scrute-

263 601 348 667 tur,
374 587 550 672 agnoscit
567 590 749 650 naturam
767 585 990 649 universam
1021 585 1214 670 tanquam
1236 589 1315 652 ab,

263 696 482 763 solutam
494 731 505 766 ,
517 694 652 773 utpote
674 708 759 752 eam
771 728 782 764 ‚
796 707 892 774 quae
918 705 1071 754 omnem
1097 691 1139 755 in
1157 714 1197 756 se
1221 713 1312 760 eon-

265 801 366 867 tinet
383 792 617 860 existantiae
641 810 730 858 suae
750 810 919 856 causam·
1020 799 1022 808 '

843 895 848 928 l

665 973 669 982 ¹
735 1005 771 1078 ..ς
813 1015 846 1064 ι.

506 1190 733 1272 corpora
773 1183 1083 1285 individue.

328 1374 329 1378 =
346 1332 508 1395 Constat
526 1338 668 1396 natura
688 1329 871 1394 universa
888 1327 1002 1393 rebus
1015 1325 1204 1402 infinitis,
1217 1343 1315 1411 quae

268 1434 400 1500 indole
430 1455 498 1498 sua
529 1435 642 1500 varia
673 1432 855 1498 differunt
885 1431 1061 1507 ratione,
1087 1432 1314 1516 variamque

268 1547 352 1608 tum
385 1541 487 1612 inter
514 1561 574 1618 se,
602 1545 687 1604 tum
709 1558 800 1604 vero
830 1537 879 1602 ad
911 1540 1140 1603 universum
1162 1538 1311 1601 habent

267 1645 568 1719 relationem,et
589 1643 770 1706 dicuntur
792 1661 1002 1725 corpora
1029 1639 1314 1705 individua·

261 1721 414 1812 'Horum
449 1752 579 1834 autem
607 1759 812 1827 corporum
843 1744 1020 1808 differens
1048 1748 1085 1806 et
1107 1739 1316 1806 individua

233 1891 237 1896 -
267 1857 408 1914 natura
440 1871 508 1934 per
535 1850 817 1914 materiam
849 1853 887 1912 et
920 1841 1315 1914 vires'differentes

265 1955 449 2038 ponitur,
479 1953 617 2039 quibus
647 1952 740 2018 solis
778 1952 821 2015 in
843 1971 972 2016 sensus
995 1958 1115 2036 agunt
1141 1957 1316 2028 nostros,

180 2045 185 2052 ¹
267 2057 484 2144 quibusque
514 2061 807 2141 cognoscunturs
849 2055 1024 2120 Possidet
1058 2057 1162 2120 enim
1192 2061 1317 2120 mato-

248 2161 330 2225 ·ria
352 2160 586 2224 diversas-in
604 2159 767 2224 diversis
789 2160 1015 2256 corporibus
1037 2160 1316 2244 proprietates,

270 2265 309 2326 et
339 2257 467 2326 differt
495 2262 641 2326 virium
671 2263 714 2326 in
749 2263 871 2326 variis
902 2231 1117 2329 individuis
1137 2265 1317 2348 energia,

270 2357 370 2435 unde
399 2366 510 2431 varia
528 2371 735 2467 ponuntur
758 2367 1051 2452 phaenomena,
1080 2368 1216 2453 quibus
1248 2390 1316 2433 va-

268 2469 453 2535 rietatum
483 2452 702 2536 obtinemus
721 2469 862 2535 ideam
906 2471 1030 2556 Quia
1027 2476 1159 2537 tamen
1184 2491 1318 2555 corpo-

268 2595 314 2641 ra
347 2575 450 2639 inter
480 2597 518 2637 se
545 2575 651 2638 haud
688 2575 748 2639 its
779 2575 985 2653 differunt,
1017 2582 1061 2639 ut
1089 2575 1151 2640 vel
1185 2578 1320 2660 aliqua

270 2681 410 2743 saltem
431 2677 509 2741 sibi
533 2698 612 2741 non
630 2667 888 2761 respondeant
908 2681 1084 2755 ratione,
1107 2682 1320 2746 memoriae

259 2781 462 2878 ⁸succurrit
479 2777 722 2856 intellectus,
746 2784 914 2869 exquirit
934 2781 1235 2861 similitudines,
1256 2805 1321 2848 co·

273 2882 431 2949 ordinat
451 2903 534 2959 eas,
564 2884 693 2970 sicque
719 2894 894 2971 coaptat,
916 2893 960 2950 ut
984 2867 1167 2950 infinitae
1191 2905 1321 2952 rerum

192 3032 197 3041 ·
273 2986 483 3054 varietates
516 2987 773 3068 definiantur,
797 3013 839 3055 ac
869 2989 1210 3080 indeterminatas
1242 2992 1321 3055 dis

273 3094 470 3174 ponantur
493 3089 678 3171 uniones,
709 3093 786 3178 ipsi
820 3099 983 3158 naturae
1015 3071 1147 3178 aliqua
1167 3093 1321 3158 ratione

273 3191 568 3276 respondentes,
602 3217 645 3260 ac
667 3203 796 3262 mente
822 3203 960 3261 nostra
991 3195 1322 3280 comprehensibi-

274 3295 341 3360 les.
386 3297 432 3360 Et
460 3297 514 3361 sic
543 3301 720 3383 procedit
755 3300 979 3366 intellectus
1008 3301 1223 3376 humanus,
1252 3301 1322 3364 ubi

274 3395 410 3464 histo
426 3399 552 3464 riam
583 3405 871 3492 naturalem
892 3406 1102 3470 construit:
1124 3404 1321 3468 connectit

277 3502 420 3588 quippe
444 3509 564 3568 certas
586 3526 789 3591 corporum
816 3509 1055 3573 naturalium
1076 3507 1212 3578 series,
1234 3522 1321 3565 cum

278 3625 298 3666 e
329 3605 618 3673 characteribus
654 3612 929 3694 generalibus,
959 3632 1053 3697 eque
1089 3606 1324 3693 specialibus

278 3707 507 3774 differentiis
528 3732 666 3796 regna,
689 3716 847 3792 classes,
870 3717 1043 3793 ordines,
1063 3731 1324 3798 generasspe·

277 3812 354 3876 c'ies
372 3819 414 3876 et
433 3813 573 3878 barum
595 3817 805 3898 varietates
831 3820 1009 3886 desumit.
1028 3851 1070 3868 -
1086 3816 1212 3883 Altius
1233 3827 1323 3897 pro·

278 3913 452 3999 graditur
473 3912 586 4002 'phy
606 3919 717 3982 sica
729 3959 739 3995 ,
765 3941 861 4007 quae
889 3922 1148 4008 proprietates
1190 3935 1324 3998 corpo·

223 4065 226 4074 .
278 4037 364 4082 rum
384 4035 605 4084 communes
627 4026 665 4086 et
688 4023 790 4088 vires
813 4047 970 4102 eorum,
990 4026 1204 4110 harumque
1224 4022 1326 4104 leges

279 4126 485 4185 scrutatur.
515 4153 556 4170 -
577 4124 805 4208 Supremum
838 4130 1003 4216 denique
1038 4130 1232 4192 humanae
1263 4143 1326 4189 ra·

276 4225 399 4292 tionis
422 4243 609 4292 conamen
631 4228 716 4313 ipsa
740 4241 798 4300 est
825 4235 1019 4322 physio
1038 4233 1206 4319 logia,
1234 4246 1331 4314 quae
1411 4287 1417 4294 ,
