2936 4998
271 404 337 474 odo
383 401 470 469 Lm.
487 399 515 466 1.
537 401 625 465 cer.
644 396 691 465 11.
706 399 766 466 Dr
785 409 914 467 verse
928 411 1257 470 oouorrrorsaus.

152 611 157 617 .
232 614 236 627 ,
264 545 470 632 telligitur.
514 543 573 610 Sic
594 544 725 610 oculus
757 543 943 628 sanguine
963 563 1054 610 mox
1071 543 1315 614 suffunditur

267 655 307 714 et
325 648 512 733 depluunt
537 648 756 733 lacrymae,
779 646 854 711 uhi
865 650 1138 732 corpusculum
1159 651 1315 716 hetero-

217 826 220 834 ,
265 775 429 848 geneum
459 755 501 821 in
532 774 619 819 eum
643 747 814 842 incidit;
837 753 892 816 sic
923 773 947 817 a
966 754 1124 820 stimulo
1148 757 1227 821 cibi
1252 776 1316 821 eo·

157 940 161 947 ‚
262 866 376 970 piosa
399 862 442 927 in
461 879 598 926 cavum
619 858 697 923 oris
718 856 891 922 allicitur
921 857 1067 937 saliva3
1089 858 1144 923 sic
1173 861 1315 927 humor

123 963 127 977 '
183 975 190 996 ⁸
263 933 452 1056 gastricus
476 1003 487 1040 ,
514 959 805 1048 pancreaticos,
834 962 1021 1026 sotericus
1051 967 1089 1026 et
1118 958 1212 1029 bilis
1244 985 1313 1050 per

264 1073 396 1138 cibum
429 1069 644 1152 ingestum,
673 1077 814 1149 perque
843 1064 1027 1148 chymum
1057 1061 1313 1132 inventricu·

142 1191 168 1266 Ἰ,
196 1169 209 1195 “
261 1176 346 1242 1ιιιιι
369 1179 407 1236 et
427 1171 658 1236 intestinum
681 1174 796 1233 tenue
817 1166 1044 1249 adciuntur;
1066 1170 1121 1235 sic
1154 1171 1313 1244 inflam-

261 1275 510 1343 maturensis
532 1271 694 1348 diversis
716 1270 911 1336 concitata
940 1273 1136 1354 stimulis,
1159 1275 1202 1340 et'
1221 1277 1311 1343 alli·

261 1380 363 1446 citur
384 1399 510 1446 serum
533 1379 754 1462 copiosum,
777 1375 1088 1460 epidermidem'
1076 1402 1118 1445 m
1140 1381 1311 1448 vesicam

141 1515 146 1524 =
262 1487 414 1550 elevans
426 1526 438 1561 ,
460 1484 530 1550 ubi
552 1484 676 1549 calore
700 1482 896 1557 aduritur,
917 1484 979 1548 vel
999 1485 1212 1552 acrioribus
1234 1488 1312 1552 sol·

261 1598 437 1669 licitatur
463 1591 654 1658 stimulis·
677 1588 735 1654 ita
755 1581 934 1676 denique
946 1611 1078 1658 omnes
1100 1602 1312 1662 nascuntur

259 1695 595 1768 inflammationes
628 1696 667 1756 et
694 1691 897 1779 pleraeque
926 1693 1136 1760 humorum
1170 1715 1309 1782 conge·

222 1883 227 1888 ,
259 1800 418 1865 stiones
461 1792 641 1860 Videmus
674 1814 693 1856 e
727 1812 906 1860 converso
936 1795 1185 1862 stimulorum
1215 1817 1308 1863 con·

163 1937 176 1952 =
258 1908 479 1972 suetorum
481 1897 633 1962 defectu
651 1893 856 1994 adfluxum'
879 1897 1087 1964 humorum
1110 1899 1237 1965 minui
1267 1899 1311 1998 in

257 2004 460 2092 partibus,
482 2006 520 2063 et
553 1999 655 2082 ipsas
685 1983 805 2062 etiam
831 2001 1023 2084 supprimi
1055 2004 1307 2068 sacrationes·

258 2112 437 2175 arescunt
455 2123 566 2170 nares
587 2109 625 2168 et
647 2123 687 2168 os
698 2143 709 2180 ,
722 2122 816 2168 cum
827 2103 1051 2170 nicotianae
1070 2113 1197 2173 suetos
1219 2109 1310 2174 sub·

256 2213 431 2282 trahitur
449 2207 630 2274 stimulus
642 2225 654 2288 3
667 2189 927 2291 supprimitur
947 2211 1182 2294 perspiratio
1198 2211 1310 2290 cutis,

255 2317 326 2382 obi
345 2312 640 2396 'atmosphaerae
661 2311 764 2386 calor
791 2311 897 2395 infra
919 2310 1095 2378 debitum
1120 2315 1305 2398 deprimi·

256 2425 321 2488 tur
340 2419 523 2507 gradum
546 2415 689 2500 desinit
715 2415 827 2482 lactis
847 2418 1032 2496 secretio,
1055 2439 1141 2485 cum
1170 2407 1304 2488 suctus

256 2525 364 2590 deest
383 2521 576 2590 stimulus

209 2737 215 2746 1
340 2661 536 2750 2)Altera
559 2677 693 2738 causa,
717 2677 793 2744 qua
814 2660 970 2724 interna
993 2661 1101 2726 vitae
1130 2663 1301 2756 conditio

256 2770 451 2840 mutatur,
482 2763 641 2846 ipsaque
675 2759 1018 2827 incitamentorum
1054 2767 1305 2849 receptivitas

258 2874 297 2934 et
332 2849 540 2931 reactionis
576 2863 634 2928 vis
665 2869 887 2948 augentur,
919 2868 1214 2952 deprimuntur,
1244 2875 1308 2940 vel

256 2967 817 3050 modificantur,1nprocessu
839 2970 978 3049 vitali,
1005 2975 1070 3059 qui
1092 2974 1212 3038 variis
1236 2977 1304 3040 oh·

256 3074 398 3142 noxius
420 3061 476 3136 e'st
494 3069 853 3148 vicissitudinibus,
868 3071 998 3156 posita
1014 3080 1081 3139 est.
1124 3075 1306 3142 Functio·

253 3201 321 3248 nes
354 3176 459 3242 enim
489 3174 654 3250 vitales,
677 3193 772 3263 quae
798 3174 846 3240 ad
877 3177 1039 3241 totalem
1078 3168 1303 3261 conspirant

253 3285 362 3350 vitae
393 3297 637 3364 processum,
675 3278 828 3343 variam
862 3279 910 3343 ad
950 3279 1118 3346 invicem
1153 3283 1304 3350 diversa

253 3388 360 3455 vitae
383 3382 543 3469 periodo
567 3387 607 3446 et
627 3379 788 3448 diversis
811 3381 881 3446 sub
904 3384 1209 3468 circumstantiis
1239 3409 1302 3453 ex·

188 3506 192 3514 ’
254 3489 411 3564 ternis,
442 3488 664 3572 frequenter
695 3483 849 3571 quidem
890 3483 1123 3571 incognitis,
1154 3489 1304 3556 habent

252 3592 509 3667 relationem,
531 3586 633 3653 unde
654 3588 765 3652 varia
791 3588 984 3654 enascitur
1002 3589 1214 3656 vitalitatis
1237 3612 1300 3657 ra-

252 3696 321 3762 tio.
365 3695 425 3760 lta
458 3691 672 3780 generatim
705 3689 933 3756 observatur
965 3693 1089 3776 maior
1118 3693 1300 3762 stimulo·

252 3817 339 3864 rum
369 3795 471 3881 apud
496 3795 667 3861 infantes
699 3794 976 3876 receptivitas,
1007 3796 1135 3860 minor
1165 3801 1300 3862 tamen

252 3899 434 3990 reagendi
454 3903 624 3985 potestas
647 3894 697 3980 (5.
717 3913 771 3978 71.
789 3919 827 3961 n.
848 3915 878 3964 e.
902 3901 981 3986 a.);
1002 3899 1208 3983 respondet
1229 3920 1298 3965 au·

252 4007 332 4075 tem
356 4000 615 4070 incitabilit'as
637 3997 841 4065 reaclionis
864 3999 904 4064 vi
926 4000 967 4063 in
992 3999 1212 4078 adultis,et
1230 3997 1298 4064 de-

173 4193 177 4202 ,
251 4110 437 4197 primitur
476 4102 643 4170 relativa
674 4103 923 4170 stimulorum
954 4101 1012 4168 vis
1056 4103 1144 4170 cum'
1177 4105 1296 4170 vitali

253 4213 411 4296 energia
429 4211 471 4275 in
494 4203 661 4272 senibus.
703 4205 797 4270 Tale
819 4203 1027 4272 discrimen
1060 4229 1168 4274 sexus
1200 4227 1295 4296 quo·

251 4337 324 4404 qus
343 4311 457 4400 ponit
479 4309 673 4390 diversus3
695 4305 880 4376 accedunt
897 4310 1068 4374 feminae
1096 4311 1144 4376 ad
1164 4311 1295 4378 infan-
