2950 5002
303 410 398 474 Gir.
419 407 991 499 1.1srosrssrrosesrasr1s.
1127 421 1191 491 173

133 551 188 616 lis
219 548 366 616 virium
398 547 622 622 conflictus,
647 565 720 633 quo
752 561 913 630 corpora
942 529 1115 614 ,lormam
1147 557 1187 616 et

132 653 365 720 mistionem
397 670 507 718 suam
532 671 684 716 servare
715 649 968 735 adnituntur,
992 650 1033 719 in
1071 645 1192 720 arior-

134 756 287 843 ganicis
315 771 465 841 quoque
484 747 594 839 ¹viget
624 745 870 836 corporibus,
895 757 961 840 qui
981 759 1028 822 ob
1057 759 1185 823 mino·
1234 843 1237 849 Ι
1356 769 1361 779 ·

132 879 220 950 rem
246 859 385 924 saltem
414 855 676 921 intensionem
700 857 742 920 in
765 877 896 942 sensus
928 876 1006 924 non
1034 847 1194 946 semper'
1296 889 1300 898 v
1400 855 1405 868 “

131 963 276 1032 incidit
296 961 349 1044 (l.
369 965 501 1054 Η.»
525 981 574 1024 an
593 962 683 1048 uero'
713 978 875 1042 corpora
903 969 1081 1041 mortua,
1103 957 1184 1030 for-

132 1088 202 1133 ma
223 1069 395 1138 mutata,
418 1061 740 1152 sensutstrictiore
761 1063 894 1128 eadem
915 1072 1184 1148 permaneant,

134 1168 316 1236 dubitare
338 1165 508 1228 multum
530 1164 634 1228 licet.

216 1313 259 1399 7)
281 1310 494 1376 Adstruunt
516 1318 675 1391 corpora
692 1306 784 1372 viva
804 1327 827 1372 a
840 1309 1004 1376 mortuis
1029 1333 1073 1376 aa
1091 1331 1185 1398 quo·-

131 1433 207 1502 que
237 1411 387 1478 differre
418 1408 592 1484 ratione,
616 1409 716 1496 quod
750 1409 827 1474 ista
857 1413 899 1476 in
923 1413 1051 1497 plures
1074 1434 1185 1497 sepa-

132 1525 223 1586 rata
241 1519 439 1602 portiones
458 1515 526 1580 sub
548 1513 852 1608 circumstantiis
880 1516 1021 1580 iisdem
1049 1519 1186 1586 eadem

133 1625 407 1706 permaneant,
430 1639 515 1684 cum
534 1623 707 1712 partesue
724 1618 813 1682 vivo
835 1637 992 1702 corpore
1014 1621 1186 1697 avulsae,

132 1725 255 1788 etiam
288 1721 429 1786 iisdem
462 1723 531 1786 sub
566 1722 894 1797 circumstantiis,
917 1729 1121 1796 mutantur
1144 1731 1186 1788 et

132 1831 449 1912 corrumpuntur-¹
472 1854 513 1874 ‹-
542 1829 729 1898 Attamen¹
770 1824 1086 1892 circumstantiae
1118 1851 1185 1903 arc÷

108 1936 111 1944 '
132 1940 264 1998 ternae
286 1930 409 2010 relate
428 1928 476 1992 ad
497 1932 668 2011 partem,
693 1948 715 1991 a
734 1927 824 1992 vivo
848 1946 1007 2014 corpore
1026 1951 1186 2015 separa-

132 2041 239 2110 tam,
264 2031 419 2096 eaedem
439 2029 545 2095 haud
567 2035 678 2105 sunt,
703 2035 742 2094 et
765 2031 907 2096 dantur
938 2053 1099 2116 corpora
1121 2038 1185 2102 vi·
1292 2100 1295 2106 ,

131 2161 204 2214 va,
219 2137 324 2225 'quae
349 2135 392 2198 in
408 2133 604 2219 portiones
625 2135 751 2216 plures
774 2134 921 2211 divisa,
945 2143 989 2201 ut
1009 2137 1049 2200 in
1069 2141 1186 2224 p'oly-
1213 2128 1219 2138 “

131 2242 194 2326 pis
217 2245 255 2304 et
273 2237 477 2325 permultis
502 2235 787 2322 vegetabilibus
811 2237 1025 2316 cernimus,
1049 2241 1187 2308 eadem

123 2347 374 2448 permanent·
695 2343 697 2353 ’

215 2479 259 2568 8)
270 2471 333 2546 Via
351 2475 561 2544 attractiva
581 2482 620 2542 et
637 2478 833 2563 repulsiva
850 2479 893 2544 in
910 2481 1074 2551 mortuis
1098 2497 1185 2550 cot·-

132 2583 293 2668 poribus
334 2581 641 2665 simplicioribus
675 2603 714 2648 se
745 2583 1002 2648 manifestant
1029 2587 1184 2666 modis,

132 2690 325 2774 eduntque
357 2687 626 2770 phaenomena
647 2687 773 2752 solum
796 2687 961 2774 physica
972 2674 1186 2765 ,chemica

131 2799 170 2860 et
190 2791 400 2880 dynamica
420 2788 472 2874 (i.
494 2794 626 2880 5-8.);
650 2792 691 2856 in
712 2791 899 2856 animatis
921 2813 1014 2857 varo
1047 2814 1184 2880 corpo·

131 2897 240 2964 ribus
280 2887 614 2978 imponderabilis
648 2915 717 2958 sua
750 2899 888 2977 sponte
930 2898 1185 2976 evolvuntur,

133 2989 346 3084 explicatur
377 2996 653 3082 reproductiva
688 2996 769 3071 vis,
793 2997 938 3063 accedit
968 2999 1185 3068 irritabili-

133 3111 193 3170 tas
214 3109 252 3168 et
273 3123 403 3166 sensus
425 3103 467 3166 in
485 3098 715 3184 organismis
736 3099 1043 3181 perfectioribus.

216 3233 572 3333 9)'Determinatus
596 3239 728 3327 cuique
753 3243 1022 3328 organicorum
1044 3260 1184 3330 corpo·

21 3399 22 3404 η
132 3371 221 3418 rum
252 3349 382 3436 generi
413 3342 517 3412 vitae
539 3345 609 3410 'est
639 3347 862 3424 terminus,
885 3369 955 3418 nec
984 3350 1186 3434 pendete

81 3427 90 3456 i
133 3451 376 3522 cohaesionis
399 3457 438 3514 et
458 3448 660 3515 mixtionis
682 3451 852 3528 ratione,
874 3458 990 3536 prout
1007 3473 1075 3518 nec
1095 3471 1185 3518 cor-

41 3576 52 3598 '·
132 3561 237 3646 poris
270 3558 474 3641 respondet
512 3557 632 3636 moli3
665 3575 824 3641 corpora
852 3577 943 3625 varo
973 3554 1187 3646 aggiegata

132 3662 306 3730 tamdiu
330 3663 494 3753 durant,
511 3669 633 3746 quarn
653 3661 853 3737 cohaesio,
876 3663 1016 3728 mixtio
1039 3667 1077 3726 et
1096 3681 1184 3726 mon
1270 3705 1273 3714 .

133 3769 190 3833 les
212 3764 457 3849 permittunt.
473 3795 514 3814 -·
532 3763 632 3827 Haec
651 3767 783 3827 tamen
798 3764 1024 3846 differentia
1038 3765 1099 3828 sio
1121 3767 1185 3831 in-

135 3869 351 3954 telligenda
381 3872 458 3941 eet,
482 3865 583 3952 quod
614 3877 775 3951 corpora
811 3867 967 3952 quaevis
988 3872 1085 3954 ,tam
1114 3867 1185 3934 dic

136 3977 274 4040 durare
306 3965 439 4038 saltim
468 3971 649 4054 possint,
682 3969 801 4034 donec
823 3970 983 4036 ‚viribus
1012 3969 1185 4038 internis

137 4076 260 4142 causis
283 4075 451 4140 externis
470 4074 643 4138 resistere
664 4073 820 4163 valant,
841 4078 1000 4158 tumque
1032 4073 1187 4142 destrui
1206 4109 1208 4116 ·

137 4181 322 4258 debeant,
344 4179 413 4243 ubi
432 4179 507 4244 hae
527 4177 765 4262 potentiores
785 4177 932 4241 fuerint
952 4175 1102 4242 viribus
1122 4177 1188 4244 ini

136 4277 221 4355 sitis
231 4305 244 4370 3
266 4282 357 4371 quia
385 4303 477 4350 vero
517 4279 716 4372 ingenitae
746 4279 1010 4348 animatorum
1044 4299 1187 4367 corpo·
