2920 4998
425 269 434 306 l

290 427 342 502 5⁴
721 400 950 470 trossssos.

237 609 244 618 ,
297 542 412 626 causa
431 553 558 637 ipsam
579 540 782 612 constituit
805 546 1000 619 animem,
1022 561 1138 630 quam
1166 547 1356 632 testante

296 655 589 731 Aristotele
612 647 875 724 immortalem
903 667 983 712 esse
1011 649 1159 730 primus
1181 647 1317 712 docuit
1330 667 1348 724 ς

282 731 579 850 'praestantiam
612 755 741 824 autem
770 747 1029 831 intelligentis
1059 747 1231 820 hominis
1253 747 1349 810 ani-

294 879 383 924 mas
405 879 428 920 a
446 856 530 920 sola
558 850 1009 936 repetiitmembrorum
1039 855 1077 918 et
1107 869 1346 933 organorum

293 959 545 1044 perfectione.
586 955 754 1041 Embryo
786 976 804 1020 e
834 955 916 1020 solo
946 950 1344 1024 evolvitur'masculo

292 1049 462 1140 semine,-
484 1059 662 1143 nihilque
683 1055 792 1130 aliud
813 1058 961 1130 confert
980 1061 1126 1132 mater,
1150 1075 1266 1148 quam
1286 1055 1345 1138 id,

294 1166 398 1252 quod
418 1145 545 1239 locum
556 1203 567 1238 ,
589 1162 658 1226 ubi
679 1160 902 1234 evolvatur,
926 1159 1122 1268 concedat.

223 1373 230 1384 .
354 1325 634 1388 *Druoasrros
668 1317 869 1384 Abderites
903 1316 1037 1380 eodem
1067 1315 1202 1382 floruit
1238 1322 1342 1381 tem·

290 1445 407 1513 pore,
432 1424 744 1508 corpusculorum
768 1420 969 1489 theoriam
1001 1421 1214 1503 plurimum
1245 1441 1339 1505 pro-

289 1554 475 1618 sequense
497 1531 644 1612 figura,
668 1525 762 1590 ordo
784 1529 823 1587 et
842 1523 991 1606 positus
1013 1528 1232 1587 atomorum
1253 1544 1340 1589 cor·

289 1652 430 1721 porum
455 1629 719 1696 determinant
747 1626 850 1690 vires
881 1630 920 1688 et
950 1627 1180 1709 qualitatss;
1201 1628 1341 1692 ‘anima

290 1747 353 1803 est
383 1732 663 1806 indivisibilis,
686 1731 807 1800 habet
839 1727 1005 1812 figuram
1032 1731 1252 1814 globosam,
1278 1739 1340 1798 est

289 1845 454 1906 naturas
482 1835 683 1898 aethereae
707 1831 925 1914 etxigneae5
945 1835 984 1894 et
1002 1831 1216 1900 „constituit
1247 1850 1339 1894 cau-

290 1961 377 2006 sam
407 1943 555 2010 motus,
576 1934 659 1998 vim
682 1933 918 2016 cogitantem
950 1940 988 1997 et
1017 1935 1269 2011 sentientem
1293 1955 1338 1998 a·

289 2046 389 2126 gunt
408 2059 468 2103 res
499 2043 678 2100 externae
702 2035 744 2098 in
775 2038 1079 2098 sensus-nostros
1100 2054 1168 2117 per
1187 2055 1336 2117 corpe-

286 2162 357 2216 rea
376 2161 445 2218 sua
465 2139 644 2212 silluvia,
669 2157 765 2223 quae
796 2156 865 2219 per
884 2138 1056 2200 animam
1085 2139 1237 2220 corpori
1264 2159 1336 2202 no.

245 2227 248 2235 ¹
287 2251 370 2311 stro
410 2241 709 2330 adsimilantur3
741 2240 841 2312 airis
874 2239 1093 2327 respirandi
1126 2243 1336 2316 necessitas

286 2347 331 2414 in
353 2368 395 2412 eo
417 2343 598 2430 ponitur,
623 2343 724 2430 quod
748 2341 976 2425 spirituoeas
999 2342 1040 2404 in
1069 2363 1109 2404 se
1136 2345 1336 2418 contineat

283 2449 520 2538 particulas,
542 2467 639 2534 quae
659 2465 847 2510 recessum
869 2445 1023 2510 animae
1043 2465 1066 2508 a
1084 2465 1239 2531 corpore
1258 2449 1335 2514 ima

244 2569 249 2580 ’
284 2555 461 2641 pediunt.
504 2552 642 2618 Foelus
674 2550 847 2620 nutritur
877 2553 945 2632 per
978 2550 1163 2624 os,'unde
1189 2574 1334 2618 neonae

163 2737 166 2742 ¹
284 2665 348 2722 tus
369 2658 489 2720 ubera
508 2653 686 2736 protinus
712 2651 815 2734 sugit
826 2690 837 2737 2
860 2649 1054 2748 siquidem
1071 2654 1174 2727 uteri
1203 2658 1333 2742 papile

285 2761 347 2830 ias
368 2763 475 2852 prius
494 2757 574 2856 jam
596 2753 756 2832 auxerit,

288 2958 293 2964 -
369 2929 412 3012 α)
433 2921 602 2991 Maxime
633 2932 762 2991 autem
784 2925 1003 2990 merebatur
1035 2925 1081 2990 de
1110 2926 1329 3008 medicina,

283 3048 472 3116 verusque
498 3031 576 3114 ejus
614 3031 843 3115 disciplinae
870 3030 1058 3095 fundator
1086 3033 1165 3099 suit·
1185 3037 1333 3102 Hrrro-

283 3147 432 3196 curras
454 3134 548 3198 Cous
573 3152 638 3197 seu
660 3135 704 3196 11.
727 3135 787 3218 (n.
810 3135 925 3211 a.460.
945 3155 979 3196 a·
999 3132 1084 3197 Chr.
1103 3135 1176 3222 n).
1219 3137 1331 3223 Reje·

284 3243 349 3299 cta
369 3235 510 3320 quippe
528 3234 850 3319 philosophorum
874 3236 919 3299 ds
939 3235 1051 3299 rebus
1071 3241 1229 3304 occultis
1243 3261 1332 3324 spe·

284 3338 511 3414 culationa,
544 3339 667 3422 ipsam
700 3345 910 3426 naturam,
941 3340 1181 3422 experientia
1209 3345 1329 3434 duce,

281 3442 562 3526 explorandam
574 3444 779 3508 constituit
790 3464 800 3518 ς
812 3441 913 3507 uude
932 3443 1218 3510 observationes
1238 3454 1325 3512 tum

280 3548 488 3618 suas,tum
510 3544 698 3624 majorum
720 3565 875 3608 suorum
897 3544 1073 3626 collegit,
1092 3551 1206 3632 atque
1228 3549 1328 3612 insl-

280 3665 395 3732 gnem
427 3651 687 3731 experientiae
720 3670 834 3713 verae
873 3653 1060 3716 exstruxit
1091 3651 1330 3719 thesaurum.

279 3751 1328 3836 Constabilivittaliterpraesagiendiartem‚generalee

280 3851 441 3920 cura'ndi
471 3855 621 3940 regulae
654 3861 693 3918 st
722 3854 938 3918 doctrinam
958 3854 1004 3919 de
1034 3856 1179 3922 morbis
1199 3877 1325 3942 popu-

277 3955 441 4022 laribus.
495 3958 746 4024 Anatomicae
785 3959 941 4045 quidem
980 3957 1357 4044 Hippocratis,

278 4061 544 4144 cognitiones,
566 4069 609 4126 ut
637 4064 782 4146 scripta
814 4064 891 4146 ejus
920 4069 1134 4141 testantur,
1157 4068 1324 4156 minime

145 4175 154 4184 ·
274 4164 471 4245 perfectae
497 4169 628 4227 arante
652 4162 858 4258 discrimen
894 4168 996 4230 enim
1024 4168 1126 4234 inter
1154 4170 1319 4238 arterias

269 4269 317 4328 ot
337 4285 455 4330 venas
477 4265 583 4330 haud
601 4267 736 4344 novit,
756 4269 857 4334 unde
884 4268 1083 4356 sanguinis
1111 4259 1321 4370 circuitum
