2936 4998
275 392 344 454 eos
478 376 587 456 ¹Lr'n.
605 385 634 454 1.
652 387 711 455 Dr
733 393 836 453 vrrs
854 395 1110 454 annuamus.

271 529 495 595 mallonum
517 534 793 608 aberrationes.
824 532 937 616 Viget
955 495 1218 614 praeterea'in
1238 527 1325 598 aab

275 635 378 702 meli
396 635 481 699 vita
511 643 805 721 organorum‘et
831 637 1078 704 functionum
1113 617 1326 702 manifesta
1455 645 1461 661 ’

273 737 507 822 duplicitas,
532 741 649 817 adeo,
671 745 716 804 ut
737 741 839 803 latus
861 757 981 802 unum
1012 737 1127 802 alteri
1154 739 1324 824 perfecta

136 901 143 910 ,
272 840 505 922 respondeat
535 843 671 916 lateri,
695 846 896 926 totumque
917 841 1025 906 vitae
1052 840 1165 908 istius
1197 847 1323 928 systa-

272 963 342 1007 ma
359 963 426 1026 per
449 943 596 1008 lineam
618 939 785 1010 mediam
809 945 850 1010 in
872 946 963 1010 duas
986 943 1209 1030 sejungatur
1231 965 1323 1028 par·

271 1049 333 1108 tes
361 1039 482 1126 (§.45.
503 1067 540 1108 n.
561 1049 624 1134 1.).
667 1047 762 1112 Inde
781 1047 902 1131 igitur
924 1051 1003 1121 est,
1026 1046 1130 1132 quod
1160 1047 1321 1114 abolitis

219 1172 233 1199 ··
273 1149 542 1216 functionibus
573 1131 810 1234 animalibus
836 1150 949 1219 unius
978 1147 1133 1226 leteris,
1164 1149 1322 1216 eaedem

274 1254 503 1319 continuare
537 1255 693 1338 ,possint
723 1254 765 1318 in
803 1252 924 1317 altero
958 1251 1108 1328 latare,
1141 1252 1321 1340 quodque

266 1359 473 1438 morbosae
499 1357 736 1424 adfectiones
756 1356 869 1422 unius
890 1355 1037 1441 partis,
1056 1360 1103 1448 'ut
1123 1356 1319 1423 hemicra-

269 1461 942 1547 nia,hemiplexia,rheumatismus
964 1464 1035 1524 eto.
1057 1478 1169 1543 saepe
1190 1466 1318 1525 osten·

270 1563 391 1642 dunt,
412 1567 454 1630 in
473 1569 639 1632 alteram
662 1587 741 1632 non
765 1567 967 1657 transeant
985 1571 1148 1648 partem.
1185 1557 1319 1633 ¹Aliter·

268 1689 359 1735 vero
391 1691 449 1734 res
480 1671 913 1756 habelinsystemet0
943 1667 1050 1733 vitae
1087 1670 1317 1754 organicae,

272 1777 342 1850 nbi
374 1795 630 1862 organorum,
650 1759 719 1840 vel
739 1773 986 1839 functionum
1014 1773 1178 1850 saltem,
1208 1777 1317 1842 abest

265 1879 510 1964 duplicitas,
540 1878 747 1964 omniaque
777 1877 833 1942 sic
868 1879 1103 1964 junguntur,
1126 1881 1170 1942 ut
1208 1877 1314 1944 laeso

268 2001 427 2046 munere
461 2002 538 2047 uno
556 1977 751 2067 ,reliqua
789 1999 880 2046 mox
919 1973 1124 2044 laedantur
1155 1975 1313 2068 officia:

265 2087 539 2184 pulmonibus,
557 2083 671 2152 'corde
681 2126 692 2160 ‚
713 2083 955 2158 ventriculo,
976 2083 1137 2168 hepate,
1155 2083 1314 2150 renibus

265 2196 337 2253 etc.
368 2189 526 2264 adfectis
538 2230 552 2279 ,
572 2189 755 2260 universa
781 2205 871 2268 mog
894 2187 1062 2266 laeditur
1089 2187 1174 2262 vita
1202 2209 1312 2277 orga-

263 2313 370 2373 mear

325 2456 391 2543 ⁸3)
412 2455 599 2540 Opposita
621 2460 678 2522 est
697 2458 796 2523 vita·
813 2457 996 2540 animalis
1021 2459 1223 2544 organicas
1253 2458 1314 2526 vi·

260 2565 327 2638 tae
348 2557 559 2634 hactenus,
581 2565 626 2624 ut
650 2581 846 2645 processus
871 2561 1073 2646 organicus
1097 2579 1143 2626 ea
1160 2565 1313 2628 ratione

261 2649 540 2748 restringatur,
559 2659 638 2752 ¹qua
666 2653 838 2753 systema
863 2669 1054 2733 cerebrale
1071 2671 1133 2734 'in'
1159 2671 1312 2736 anima·

262 2766 362 2831 lium
383 2768 575 2834 evolvitur
598 2768 800 2854 ordinibus
833 2765 885 2854 (i.
906 2773 995 2864 aa),
1018 2779 1148 2858 estque
1179 2791 1312 2856 repro·
1360 2763 1364 2771 ¹

263 2866 395 2931 ductio
419 2870 584 2934 minima
605 2869 647 2935 in
665 2870 825 2936 homine
847 2872 898 2956 (ς.
913 2889 966 2957 45.
989 2896 1026 2940 n.
1045 2879 1114 2964 5.),
1135 2873 1205 2941 ribi
1226 2867 1312 2939 ani-

135 3047 137 3053 Α
166 3002 172 3017 ·
263 2969 379 3032 malis
404 2970 615 3052 plurimum
644 2971 867 3040 dominetur
883 2977 979 3043 vita.
1001 2979 1180 3045 Videmus
1196 2989 1311 3062 pras·

205 3150 214 3162 ·
262 3077 367 3137 terea
387 3092 504 3138 unam
526 3095 638 3160 saepe
671 3077 883 3142 exaltatam
914 3080 966 3158 in,
980 3076 1140 3146 homin'e
1159 3081 1286 3146 vitam
1298 3121 1310 3157 ,

262 3177 386 3240 altera
418 3178 615 3260 depressa:
646 3179 932 3265 hemiplectioi,
968 3186 1204 3272 paralytici,
1226 3202 1310 3254 ma-

255 3281 366 3345 niaci
390 3287 427 3346 et
445 3283 547 3347 fetui
564 3277 741 3348 homines
766 3281 1003 3376 (aretini)
1028 3293 1173 3375 optime
1195 3314 1308 3379 saepe

258 3383 506 3461 nutriuntur,
529 3391 895 3473 suntque·voraces,'
912 3391 1128 3478 bene'pasti
1148 3403 1186 3464 et
1202 3397 1310 3462 obesi

131 3541 136 3550 .
260 3486 388 3578 minus
412 3489 658 3570 potissimum
688 3490 902 3574 ingeniosi3
922 3501 1057 3576 contra
1080 3519 1172 3578 vero
1199 3501 1307 3568 febre

259 3592 413 3658 hectico
433 3593 654 3660 laborantes
677 3602 714 3659 et
734 3599 822 3662 tabe
843 3603 1049 3667 emaciatos
1061 3645 1072 3682 ,
1085 3625 1197 3672 sensu
1217 3598 1308 3672 acir-

232 3695 409 3761 ·tissimo
430 3703 467 3762 ei
492 3697 648 3784 ingenio
673 3700 822 3785 optimo
858 3701 1065 3786 praeditos
1085 3708 1307 3802 frequenter

208 3859 213 3868 ,
260 3801 465 3866 cernimus.
815 3810 817 3816 '

341 3966 383 4050 a)
407 3943 655 4060 Existit'vita
675 3967 858 4052 organica
884 3955 932 4034 in*
949 3973 1181 4058 organismis
1201 3975 1303 4043 infe·

259 4063 427 4131 rioribus
453 4065 538 4130 sine
572 4066 679 4134 omni
709 4070 814 4135 vitae
844 4070 995 4138 altioris
1026 4075 1197 4158 indicio;
1223 4079 1304 4146 imo

259 4163 302 4240 in
324 4165 409 4248 ipso
429 4167 550 4232 etiam
577 4169 828 4238 hominedlla
857 4177 1122 4262 saeperiget,
1144 4181 1304 4248 absent·

176 4287 183 4308 ·
258 4267 446 4346 animalia
479 4269 586 4346 vitae
626 4275 969 4364 manifestatione·
998 4283 1050 4350 Eo
1083 4282 1187 4378 anim
1218 4303 1302 4354 mo·
