<?xml version="1.0" encoding="UTF-8"?>
<!DOCTYPE html PUBLIC "-//W3C//DTD XHTML 1.0 Transitional//EN"
    "http://www.w3.org/TR/xhtml1/DTD/xhtml1-transitional.dtd">
<html xmlns="http://www.w3.org/1999/xhtml" xml:lang="en" lang="en">
 <head>
  <title>
</title>
<meta http-equiv="Content-Type" content="text/html;charset=utf-8" />
  <meta name='ocr-system' content='tesseract 3.04.00' />
  <meta name='ocr-capabilities' content='ocr_page ocr_carea ocr_par ocr_line ocrx_word'/>
</head>
<body>
  <div class='ocr_page' id='page_1' title='image "./physiologiamedi01lenhgoog_0074.png"; bbox 0 0 2920 4998; ppageno 0'>
   <div class='ocr_carea' id='block_1_1' title="bbox 384 365 1173 466">
    <p class='ocr_par' dir='ltr' id='par_1_1' title="bbox 384 365 1173 466">
     <span class='ocr_line' id='line_1_1' title="bbox 384 365 1173 466; baseline -0.015 -13"><span class='ocrx_word' id='word_1_1' title='bbox 384 365 589 466; x_wconf 74' lang='lat' dir='ltr'><strong>Hrsrorra</strong></span> <span class='ocrx_word' id='word_1_2' title='bbox 609 381 919 446; x_wconf 76' lang='lat' dir='ltr'><strong>Pursrorooras.</strong></span> <span class='ocrx_word' id='word_1_3' title='bbox 1132 391 1173 462; x_wconf 77' lang='lat'><strong>57</strong></span> 
     </span>
    </p>
   </div>
   <div class='ocr_carea' id='block_1_2' title="bbox 125 505 1173 716">
    <p class='ocr_par' dir='ltr' id='par_1_2' title="bbox 125 505 1173 716">
     <span class='ocr_line' id='line_1_2' title="bbox 125 505 1173 634; baseline -0.025 -26"><span class='ocrx_word' id='word_1_4' title='bbox 125 530 378 634; x_wconf 78' lang='lat' dir='ltr'><strong>tur‚accidit.</strong></span> <span class='ocrx_word' id='word_1_5' title='bbox 422 533 582 596; x_wconf 84' lang='lat' dir='ltr'><strong>Somnus</strong></span> <span class='ocrx_word' id='word_1_6' title='bbox 605 527 799 602; x_wconf 84' lang='lat' dir='ltr'>oboritur,</span> <span class='ocrx_word' id='word_1_7' title='bbox 821 519 1071 590; x_wconf 86' lang='lat' dir='ltr'><strong>uhisentiens</strong></span> <span class='ocrx_word' id='word_1_8' title='bbox 1092 505 1173 602; x_wconf 77' lang='lat' dir='ltr'><strong>spi-</strong></span> 
     </span>
     <span class='ocr_line' id='line_1_3' title="bbox 125 625 1173 716; baseline -0.021 -5"><span class='ocrx_word' id='word_1_9' title='bbox 125 628 226 714; x_wconf 84' lang='lat' dir='ltr'><strong>ritus</strong></span> <span class='ocrx_word' id='word_1_10' title='bbox 257 660 323 705; x_wconf 86' lang='lat' dir='ltr'><strong>suo</strong></span> <span class='ocrx_word' id='word_1_11' title='bbox 365 635 557 700; x_wconf 88' lang='lat' dir='ltr'><strong>minuitur</strong></span> <span class='ocrx_word' id='word_1_12' title='bbox 597 632 760 716; x_wconf 85' lang='lat' dir='ltr'><strong>vigore,</strong></span> <span class='ocrx_word' id='word_1_13' title='bbox 793 632 832 693; x_wconf 88' lang='lat' dir='ltr'><strong>et</strong></span> <span class='ocrx_word' id='word_1_14' title='bbox 864 625 1038 712; x_wconf 85' lang='lat' dir='ltr'><strong>sequitur</strong></span> <span class='ocrx_word' id='word_1_15' title='bbox 1071 641 1173 698; x_wconf 74' lang='lat' dir='ltr'><strong>mora</strong></span> 
     </span>
    </p>
   </div>
   <div class='ocr_carea' id='block_1_3' title="bbox 70 740 827 831">
    <p class='ocr_par' dir='ltr' id='par_1_3' title="bbox 70 740 827 831">
     <span class='ocr_line' id='line_1_4' title="bbox 70 740 827 831; baseline -0.024 -11"><span class='ocrx_word' id='word_1_16' title='bbox 70 773 75 777; x_wconf 88' lang='lat'>·</span> <span class='ocrx_word' id='word_1_17' title='bbox 127 772 214 828; x_wconf 83' lang='lat' dir='ltr'><strong>cum</strong></span> <span class='ocrx_word' id='word_1_18' title='bbox 235 745 391 831; x_wconf 76' lang='lat' dir='ltr'>energia</span> <span class='ocrx_word' id='word_1_19' title='bbox 412 742 490 826; x_wconf 81' lang='lat' dir='ltr'><strong>ejus</strong></span> <span class='ocrx_word' id='word_1_20' title='bbox 511 740 686 825; x_wconf 89' lang='lat' dir='ltr'><strong>penitus</strong></span> <span class='ocrx_word' id='word_1_21' title='bbox 691 743 827 806; x_wconf 84' lang='lat' dir='ltr'><strong>cessat.</strong></span> 
     </span>
    </p>
   </div>
   <div class='ocr_carea' id='block_1_4' title="bbox 21 880 1175 1184">
    <p class='ocr_par' dir='ltr' id='par_1_4' title="bbox 21 880 1175 1184">
     <span class='ocr_line' id='line_1_5' title="bbox 182 880 1174 968; baseline -0.011 -11"><span class='ocrx_word' id='word_1_22' title='bbox 182 892 392 968; x_wconf 85' lang='lat' dir='ltr'><strong>·Animam</strong></span> <span class='ocrx_word' id='word_1_23' title='bbox 434 885 669 954; x_wconf 78' lang='lat' dir='ltr'><strong>rationalem</strong></span> <span class='ocrx_word' id='word_1_24' title='bbox 700 889 739 948; x_wconf 85' lang='lat' dir='ltr'><strong>at</strong></span> <span class='ocrx_word' id='word_1_25' title='bbox 772 881 953 947; x_wconf 51' lang='lat' dir='ltr'><strong>divinam*</strong></span> <span class='ocrx_word' id='word_1_26' title='bbox 983 880 1026 946; x_wconf 87' lang='lat' dir='ltr'><strong>in</strong></span> <span class='ocrx_word' id='word_1_27' title='bbox 1059 883 1174 963; x_wconf 78' lang='lat' dir='ltr'><strong>caput</strong></span> 
     </span>
     <span class='ocr_line' id='line_1_6' title="bbox 109 981 1175 1072; baseline -0.013 -10"><span class='ocrx_word' id='word_1_28' title='bbox 109 996 305 1062; x_wconf 74' lang='lat' dir='ltr'><strong>=locarunt</strong></span> <span class='ocrx_word' id='word_1_29' title='bbox 327 981 550 1067; x_wconf 83' lang='lat' dir='ltr'><strong>daemones,</strong></span> <span class='ocrx_word' id='word_1_30' title='bbox 574 995 612 1056; x_wconf 88' lang='lat' dir='ltr'><strong>et</strong></span> <span class='ocrx_word' id='word_1_31' title='bbox 631 992 858 1072; x_wconf 75' lang='lat' dir='ltr'><strong>separarunt</strong></span> <span class='ocrx_word' id='word_1_32' title='bbox 878 1006 963 1056; x_wconf 81' lang='lat' dir='ltr'><strong>sam</strong></span> <span class='ocrx_word' id='word_1_33' title='bbox 984 985 1032 1049; x_wconf 90' lang='lat' dir='ltr'><strong>ab</strong></span> <span class='ocrx_word' id='word_1_34' title='bbox 1050 984 1175 1054; x_wconf 81' lang='lat' dir='ltr'><strong>altera</strong></span> 
     </span>
     <span class='ocr_line' id='line_1_7' title="bbox 21 1088 1173 1184; baseline -0.014 -19"><span class='ocrx_word' id='word_1_35' title='bbox 21 1110 31 1141; x_wconf 79' lang='lat'><strong>¹</strong></span> <span class='ocrx_word' id='word_1_36' title='bbox 126 1097 372 1178; x_wconf 76' lang='lat' dir='ltr'><strong>irrationali,</strong></span> <span class='ocrx_word' id='word_1_37' title='bbox 396 1095 555 1184; x_wconf 73' lang='lat' dir='ltr'><strong>quaein</strong></span> <span class='ocrx_word' id='word_1_38' title='bbox 577 1098 731 1178; x_wconf 82' lang='lat' dir='ltr'><strong>pectore</strong></span> <span class='ocrx_word' id='word_1_39' title='bbox 754 1089 997 1174; x_wconf 84' lang='lat' dir='ltr'><strong>residet,per</strong></span> <span class='ocrx_word' id='word_1_40' title='bbox 1018 1088 1173 1165; x_wconf 79' lang='lat' dir='ltr'><strong>collum;</strong></span> 
     </span>
    </p>
   </div>
   <div class='ocr_carea' id='block_1_5' title="bbox 8 1195 1174 1281">
    <p class='ocr_par' dir='ltr' id='par_1_5' title="bbox 8 1195 1174 1281">
     <span class='ocr_line' id='line_1_8' title="bbox 8 1195 1174 1281; baseline -0.009 -14"><span class='ocrx_word' id='word_1_41' title='bbox 8 1200 11 1210; x_wconf 77' lang='lat'><em>&#39;</em></span> <span class='ocrx_word' id='word_1_42' title='bbox 126 1201 306 1266; x_wconf 86' lang='lat' dir='ltr'><strong>mortalis</strong></span> <span class='ocrx_word' id='word_1_43' title='bbox 328 1199 481 1274; x_wconf 82' lang='lat' dir='ltr'><strong>animae</strong></span> <span class='ocrx_word' id='word_1_44' title='bbox 502 1219 589 1281; x_wconf 89' lang='lat' dir='ltr'><strong>pars</strong></span> <span class='ocrx_word' id='word_1_45' title='bbox 608 1195 737 1261; x_wconf 87' lang='lat' dir='ltr'><strong>varias</strong></span> <span class='ocrx_word' id='word_1_46' title='bbox 761 1201 921 1281; x_wconf 90' lang='lat' dir='ltr'><strong>occupat</strong></span> <span class='ocrx_word' id='word_1_47' title='bbox 939 1200 1068 1280; x_wconf 86' lang='lat' dir='ltr'><strong>partes</strong></span> <span class='ocrx_word' id='word_1_48' title='bbox 1090 1214 1174 1275; x_wconf 81' lang='lat' dir='ltr'><strong>cor-</strong></span> 
     </span>
    </p>
   </div>
   <div class='ocr_carea' id='block_1_6' title="bbox 72 1300 1256 2435">
    <p class='ocr_par' dir='ltr' id='par_1_6' title="bbox 72 1300 1256 2435">
     <span class='ocr_line' id='line_1_9' title="bbox 126 1300 1174 1390; baseline -0.007 -21"><span class='ocrx_word' id='word_1_49' title='bbox 126 1305 256 1390; x_wconf 81' lang='lat' dir='ltr'><strong>poris:</strong></span> <span class='ocrx_word' id='word_1_50' title='bbox 280 1303 509 1368; x_wconf 77' lang='lat' dir='ltr'><strong>animositas</strong></span> <span class='ocrx_word' id='word_1_51' title='bbox 542 1308 580 1366; x_wconf 88' lang='lat' dir='ltr'><strong>et</strong></span> <span class='ocrx_word' id='word_1_52' title='bbox 621 1302 682 1366; x_wconf 88' lang='lat' dir='ltr'><strong>ira</strong></span> <span class='ocrx_word' id='word_1_53' title='bbox 723 1301 850 1366; x_wconf 87' lang='lat' dir='ltr'><strong>virilis</strong></span> <span class='ocrx_word' id='word_1_54' title='bbox 887 1302 928 1366; x_wconf 90' lang='lat' dir='ltr'><strong>in</strong></span> <span class='ocrx_word' id='word_1_55' title='bbox 958 1300 1089 1375; x_wconf 86' lang='lat' dir='ltr'><strong>corde,</strong></span> <span class='ocrx_word' id='word_1_56' title='bbox 1113 1304 1174 1362; x_wconf 88' lang='lat' dir='ltr'><strong>ut-</strong></span> 
     </span>
     <span class='ocr_line' id='line_1_10' title="bbox 125 1406 1173 1494; baseline -0.004 -20"><span class='ocrx_word' id='word_1_57' title='bbox 125 1416 219 1494; x_wconf 87' lang='lat' dir='ltr'><strong>pote</strong></span> <span class='ocrx_word' id='word_1_58' title='bbox 240 1429 383 1494; x_wconf 88' lang='lat' dir='ltr'><strong>organo</strong></span> <span class='ocrx_word' id='word_1_59' title='bbox 406 1407 528 1492; x_wconf 88' lang='lat' dir='ltr'><strong>capiti</strong></span> <span class='ocrx_word' id='word_1_60' title='bbox 549 1406 761 1482; x_wconf 89' lang='lat' dir='ltr'><strong>viciniore,</strong></span> <span class='ocrx_word' id='word_1_61' title='bbox 784 1407 984 1492; x_wconf 73' lang='lat' dir='ltr'><strong>sanguinis</strong></span> <span class='ocrx_word' id='word_1_62' title='bbox 1007 1406 1173 1474; x_wconf 88' lang='lat' dir='ltr'><strong>scaturi-</strong></span> 
     </span>
     <span class='ocr_line' id='line_1_11' title="bbox 72 1509 1175 1599; baseline -0.004 -21"><span class='ocrx_word' id='word_1_63' title='bbox 72 1588 76 1593; x_wconf 39' lang='grc'>,</span> <span class='ocrx_word' id='word_1_64' title='bbox 126 1515 219 1599; x_wconf 83' lang='lat' dir='ltr'><strong>gine</strong></span> <span class='ocrx_word' id='word_1_65' title='bbox 237 1519 275 1577; x_wconf 86' lang='lat' dir='ltr'><strong>et</strong></span> <span class='ocrx_word' id='word_1_66' title='bbox 294 1533 480 1579; x_wconf 88' lang='lat' dir='ltr'><strong>venarum</strong></span> <span class='ocrx_word' id='word_1_67' title='bbox 503 1512 678 1577; x_wconf 88' lang='lat' dir='ltr'><strong>omnium</strong></span> <span class='ocrx_word' id='word_1_68' title='bbox 702 1511 872 1596; x_wconf 90' lang='lat' dir='ltr'><strong>origine,</strong></span> <span class='ocrx_word' id='word_1_69' title='bbox 894 1509 1076 1575; x_wconf 81' lang='lat' dir='ltr'><strong>resident.</strong></span> <span class='ocrx_word' id='word_1_70' title='bbox 1099 1509 1175 1574; x_wconf 88' lang='lat' dir='ltr'><strong>Ubi</strong></span> 
     </span>
     <span class='ocr_line' id='line_1_12' title="bbox 128 1605 1178 1700; baseline -0.007 -18"><span class='ocrx_word' id='word_1_71' title='bbox 128 1615 315 1682; x_wconf 81' lang='lat' dir='ltr'><strong>damnum</strong></span> <span class='ocrx_word' id='word_1_72' title='bbox 334 1617 508 1690; x_wconf 81' lang='lat' dir='ltr'><strong>adfertur</strong></span> <span class='ocrx_word' id='word_1_73' title='bbox 524 1615 697 1699; x_wconf 82' lang='lat' dir='ltr'><strong>corpori,</strong></span> <span class='ocrx_word' id='word_1_74' title='bbox 713 1620 787 1700; x_wconf 34' lang='lat' dir='ltr'><strong>,aut</strong></span> <span class='ocrx_word' id='word_1_75' title='bbox 809 1614 1001 1679; x_wconf 80' lang='lat' dir='ltr'><strong>desideria</strong></span> <span class='ocrx_word' id='word_1_76' title='bbox 1022 1605 1178 1678; x_wconf 84' lang='lat' dir='ltr'><strong>anir&#39;nas</strong></span> 
     </span>
     <span class='ocr_line' id='line_1_13' title="bbox 126 1719 1174 1802; baseline -0.006 -15"><span class='ocrx_word' id='word_1_77' title='bbox 126 1721 231 1787; x_wconf 84' lang='lat' dir='ltr'><strong>fiunt</strong></span> <span class='ocrx_word' id='word_1_78' title='bbox 249 1721 410 1797; x_wconf 85' lang='lat' dir='ltr'><strong>nociva,</strong></span> <span class='ocrx_word' id='word_1_79' title='bbox 433 1719 559 1786; x_wconf 83' lang='lat' dir='ltr'><strong>cordis</strong></span> <span class='ocrx_word' id='word_1_80' title='bbox 595 1719 823 1794; x_wconf 83' lang='lat' dir='ltr'><strong>animositas</strong></span> <span class='ocrx_word' id='word_1_81' title='bbox 846 1719 954 1784; x_wconf 87' lang='lat' dir='ltr'><strong>venis</strong></span> <span class='ocrx_word' id='word_1_82' title='bbox 983 1719 1174 1802; x_wconf 87' lang='lat' dir='ltr'><strong>imperat,</strong></span> 
     </span>
     <span class='ocr_line' id='line_1_14' title="bbox 128 1827 1173 1916; baseline -0.002 -24"><span class='ocrx_word' id='word_1_83' title='bbox 128 1847 203 1916; x_wconf 85' lang='lat' dir='ltr'><strong>quo</strong></span> <span class='ocrx_word' id='word_1_84' title='bbox 225 1829 381 1914; x_wconf 84' lang='lat' dir='ltr'><strong>sanguis</strong></span> <span class='ocrx_word' id='word_1_85' title='bbox 402 1827 572 1895; x_wconf 87' lang='lat' dir='ltr'><strong>velocius</strong></span> <span class='ocrx_word' id='word_1_86' title='bbox 602 1834 779 1893; x_wconf 88' lang='lat' dir='ltr'><strong>movetur</strong></span> <span class='ocrx_word' id='word_1_87' title='bbox 809 1833 847 1892; x_wconf 83' lang='lat' dir='ltr'><strong>et</strong></span> <span class='ocrx_word' id='word_1_88' title='bbox 868 1834 996 1894; x_wconf 88' lang='lat' dir='ltr'><strong>motus</strong></span> <span class='ocrx_word' id='word_1_89' title='bbox 1019 1827 1173 1892; x_wconf 89' lang='lat' dir='ltr'><strong>animae</strong></span> 
     </span>
     <span class='ocr_line' id='line_1_15' title="bbox 127 1932 1256 2018; baseline -0.004 -17"><span class='ocrx_word' id='word_1_90' title='bbox 127 1932 296 2001; x_wconf 79' lang='lat' dir='ltr'><strong>brutalis</strong></span> <span class='ocrx_word' id='word_1_91' title='bbox 332 1935 525 2018; x_wconf 75' lang='lat' dir='ltr'><strong>regulares</strong></span> <span class='ocrx_word' id='word_1_92' title='bbox 557 1933 802 2011; x_wconf 66' lang='lat' dir='ltr'><strong>reddunturs</strong></span> <span class='ocrx_word' id='word_1_93' title='bbox 835 1937 1177 2016; x_wconf 78' lang='lat' dir='ltr'><strong>contemperantur</strong></span> <span class='ocrx_word' id='word_1_94' title='bbox 1252 1997 1256 2004; x_wconf 82' lang='grc'><em>,</em></span> 
     </span>
     <span class='ocr_line' id='line_1_16' title="bbox 127 2035 1176 2124; baseline 0.004 -24"><span class='ocrx_word' id='word_1_95' title='bbox 127 2035 256 2102; x_wconf 87' lang='lat' dir='ltr'><strong>cordis</strong></span> <span class='ocrx_word' id='word_1_96' title='bbox 280 2038 432 2114; x_wconf 81' lang='lat' dir='ltr'><strong>stimuli</strong></span> <span class='ocrx_word' id='word_1_97' title='bbox 457 2047 495 2106; x_wconf 89' lang='lat' dir='ltr'><strong>et</strong></span> <span class='ocrx_word' id='word_1_98' title='bbox 519 2039 668 2113; x_wconf 80' lang='lat' dir='ltr'><strong>calores</strong></span> <span class='ocrx_word' id='word_1_99' title='bbox 689 2059 757 2124; x_wconf 84' lang='lat' dir='ltr'><strong>per</strong></span> <span class='ocrx_word' id='word_1_100' title='bbox 778 2039 928 2104; x_wconf 87' lang='lat' dir='ltr'><strong>vicinos</strong></span> <span class='ocrx_word' id='word_1_101' title='bbox 950 2040 1176 2123; x_wconf 65' lang='lat' dir='ltr'><strong>palmeum</strong></span> 
     </span>
     <span class='ocr_line' id='line_1_17' title="bbox 127 2139 1177 2227; baseline 0 -23"><span class='ocrx_word' id='word_1_102' title='bbox 127 2139 362 2226; x_wconf 72' lang='lat' dir='ltr'><strong>refrigerant</strong></span> <span class='ocrx_word' id='word_1_103' title='bbox 392 2143 512 2206; x_wconf 88' lang='lat' dir='ltr'><strong>etiam</strong></span> <span class='ocrx_word' id='word_1_104' title='bbox 549 2148 684 2226; x_wconf 88' lang='lat' dir='ltr'><strong>potus,</strong></span> <span class='ocrx_word' id='word_1_105' title='bbox 708 2141 774 2227; x_wconf 93' lang='lat' dir='ltr'><strong>qui</strong></span> <span class='ocrx_word' id='word_1_106' title='bbox 811 2142 945 2226; x_wconf 88' lang='lat' dir='ltr'><strong>aliqua</strong></span> <span class='ocrx_word' id='word_1_107' title='bbox 970 2147 1082 2225; x_wconf 86' lang='lat' dir='ltr'><strong>parte</strong></span> <span class='ocrx_word' id='word_1_108' title='bbox 1108 2161 1177 2224; x_wconf 88' lang='lat' dir='ltr'><strong>per</strong></span> 
     </span>
     <span class='ocr_line' id='line_1_18' title="bbox 128 2241 1201 2328; baseline -0.005 -21"><span class='ocrx_word' id='word_1_109' title='bbox 128 2263 306 2328; x_wconf 86' lang='lat' dir='ltr'><strong>asperam</strong></span> <span class='ocrx_word' id='word_1_110' title='bbox 328 2245 515 2312; x_wconf 84' lang='lat' dir='ltr'><strong>arteriam</strong></span> <span class='ocrx_word' id='word_1_111' title='bbox 537 2245 579 2309; x_wconf 96' lang='lat' dir='ltr'><strong>in</strong></span> <span class='ocrx_word' id='word_1_112' title='bbox 599 2241 801 2328; x_wconf 82' lang='lat' dir='ltr'><strong>pulmones</strong></span> <span class='ocrx_word' id='word_1_113' title='bbox 824 2243 1067 2318; x_wconf 84' lang='lat' dir='ltr'><strong>deferuntur,</strong></span> <span class='ocrx_word' id='word_1_114' title='bbox 1083 2263 1177 2328; x_wconf 88' lang='lat' dir='ltr'><strong>eque</strong></span> <span class='ocrx_word' id='word_1_115' title='bbox 1199 2299 1201 2302; x_wconf 84' lang='lat'>.</span> 
     </span>
     <span class='ocr_line' id='line_1_19' title="bbox 77 2341 1178 2435; baseline -0.001 -24"><span class='ocrx_word' id='word_1_116' title='bbox 77 2389 81 2394; x_wconf 92' lang='lat'>-</span> <span class='ocrx_word' id='word_1_117' title='bbox 126 2346 216 2414; x_wconf 87' lang='lat' dir='ltr'><strong>istis</strong></span> <span class='ocrx_word' id='word_1_118' title='bbox 246 2371 314 2435; x_wconf 89' lang='lat' dir='ltr'><strong>per</strong></span> <span class='ocrx_word' id='word_1_119' title='bbox 345 2370 454 2416; x_wconf 86' lang='lat' dir='ltr'><strong>renes</strong></span> <span class='ocrx_word' id='word_1_120' title='bbox 485 2341 752 2412; x_wconf 85' lang='lat' dir='ltr'><strong>eliminantur.</strong></span> <span class='ocrx_word' id='word_1_121' title='bbox 794 2349 848 2414; x_wconf 88' lang='lat' dir='ltr'><strong>Ea</strong></span> <span class='ocrx_word' id='word_1_122' title='bbox 868 2353 997 2419; x_wconf 80' lang='lat' dir='ltr'><strong>autem</strong></span> <span class='ocrx_word' id='word_1_123' title='bbox 1022 2347 1178 2410; x_wconf 86' lang='lat' dir='ltr'><strong>animae</strong></span> 
     </span>
    </p>
   </div>
   <div class='ocr_carea' id='block_1_7' title="bbox 125 2449 1308 2537">
    <p class='ocr_par' dir='ltr' id='par_1_7' title="bbox 125 2449 1308 2537">
     <span class='ocr_line' id='line_1_20' title="bbox 125 2449 1308 2537; baseline 0.001 -24"><span class='ocrx_word' id='word_1_124' title='bbox 125 2449 294 2515; x_wconf 84' lang='lat' dir='ltr'><strong>brutalis</strong></span> <span class='ocrx_word' id='word_1_125' title='bbox 327 2472 416 2537; x_wconf 83' lang='lat' dir='ltr'><strong>pars</strong></span> <span class='ocrx_word' id='word_1_126' title='bbox 433 2452 449 2527; x_wconf 84' lang='lat'><strong>,&#39;</strong></span> <span class='ocrx_word' id='word_1_127' title='bbox 468 2467 566 2534; x_wconf 83' lang='lat' dir='ltr'><strong>quaa</strong></span> <span class='ocrx_word' id='word_1_128' title='bbox 605 2451 832 2533; x_wconf 85' lang='lat' dir='ltr'><strong>appetentia</strong></span> <span class='ocrx_word' id='word_1_129' title='bbox 861 2451 940 2514; x_wconf 89' lang='lat' dir='ltr'><strong>cibi</strong></span> <span class='ocrx_word' id='word_1_130' title='bbox 970 2455 1008 2514; x_wconf 91' lang='lat' dir='ltr'><strong>et</strong></span> <span class='ocrx_word' id='word_1_131' title='bbox 1038 2455 1176 2534; x_wconf 85' lang='lat' dir='ltr'><strong>potus,</strong></span> <span class='ocrx_word' id='word_1_132' title='bbox 1294 2509 1308 2534; x_wconf 37' lang='lat'><strong>⁴</strong></span> 
     </span>
    </p>
   </div>
   <div class='ocr_carea' id='block_1_8' title="bbox 125 2545 1177 2843">
    <p class='ocr_par' dir='ltr' id='par_1_8' title="bbox 125 2545 1177 2843">
     <span class='ocr_line' id='line_1_21' title="bbox 125 2545 1176 2641; baseline -0.005 -21"><span class='ocrx_word' id='word_1_133' title='bbox 125 2545 294 2638; x_wconf 82' lang='lat' dir='ltr'><strong>aliisque</strong></span> <span class='ocrx_word' id='word_1_134' title='bbox 316 2551 488 2637; x_wconf 69' lang='lat' dir='ltr'><strong>corporis</strong></span> <span class='ocrx_word' id='word_1_135' title='bbox 516 2556 722 2634; x_wconf 86' lang='lat' dir='ltr'><strong>occupatur</strong></span> <span class='ocrx_word' id='word_1_136' title='bbox 745 2551 1047 2641; x_wconf 86' lang='lat' dir='ltr'><strong>cupiditatibus,</strong></span> <span class='ocrx_word' id='word_1_137' title='bbox 1071 2552 1176 2636; x_wconf 85' lang='lat' dir='ltr'><strong>sapi·</strong></span> 
     </span>
     <span class='ocr_line' id='line_1_22' title="bbox 128 2653 1177 2740; baseline -0.001 -20"><span class='ocrx_word' id='word_1_138' title='bbox 128 2656 211 2730; x_wconf 76' lang='lat' dir='ltr'><strong>anti</strong></span> <span class='ocrx_word' id='word_1_139' title='bbox 235 2653 467 2720; x_wconf 81' lang='lat' dir='ltr'><strong>daemonum</strong></span> <span class='ocrx_word' id='word_1_140' title='bbox 487 2653 650 2720; x_wconf 88' lang='lat' dir='ltr'><strong>consilio</strong></span> <span class='ocrx_word' id='word_1_141' title='bbox 671 2654 712 2726; x_wconf 84' lang='lat' dir='ltr'><strong>in</strong></span> <span class='ocrx_word' id='word_1_142' title='bbox 734 2654 914 2720; x_wconf 87' lang='lat' dir='ltr'><strong>mediam·</strong></span> <span class='ocrx_word' id='word_1_143' title='bbox 927 2657 1097 2740; x_wconf 88' lang='lat' dir='ltr'><strong>corporis</strong></span> <span class='ocrx_word' id='word_1_144' title='bbox 1117 2677 1177 2721; x_wconf 83' lang='lat' dir='ltr'><strong>re·</strong></span> 
     </span>
     <span class='ocr_line' id='line_1_23' title="bbox 125 2756 1175 2843; baseline 0.002 -21"><span class='ocrx_word' id='word_1_145' title='bbox 125 2759 284 2843; x_wconf 84' lang='lat' dir='ltr'><strong>gionem</strong></span> <span class='ocrx_word' id='word_1_146' title='bbox 324 2757 469 2840; x_wconf 84' lang='lat' dir='ltr'><strong>rejecta</strong></span> <span class='ocrx_word' id='word_1_147' title='bbox 495 2757 585 2821; x_wconf 86' lang='lat' dir='ltr'><strong>fuit.</strong></span> <span class='ocrx_word' id='word_1_148' title='bbox 631 2756 872 2842; x_wconf 84' lang='lat' dir='ltr'><strong>Cupiditates</strong></span> <span class='ocrx_word' id='word_1_149' title='bbox 906 2765 943 2824; x_wconf 88' lang='lat' dir='ltr'><strong>et</strong></span> <span class='ocrx_word' id='word_1_150' title='bbox 984 2759 1175 2824; x_wconf 85' lang='lat' dir='ltr'><strong>animales</strong></span> 
     </span>
    </p>
   </div>
   <div class='ocr_carea' id='block_1_9' title="bbox 125 2858 1309 2956">
    <p class='ocr_par' dir='ltr' id='par_1_9' title="bbox 125 2858 1309 2956">
     <span class='ocr_line' id='line_1_24' title="bbox 125 2858 1309 2956; baseline 0.004 -32"><span class='ocrx_word' id='word_1_151' title='bbox 125 2860 336 2926; x_wconf 82' lang='lat' dir='ltr'><strong>instinctus</strong></span> <span class='ocrx_word' id='word_1_152' title='bbox 362 2859 405 2924; x_wconf 92' lang='lat' dir='ltr'><strong>in</strong></span> <span class='ocrx_word' id='word_1_153' title='bbox 436 2858 577 2943; x_wconf 79' lang='lat' dir='ltr'><strong>hepate</strong></span> <span class='ocrx_word' id='word_1_154' title='bbox 599 2859 1081 2948; x_wconf 24' lang='lat' dir='ltr'><strong>resident3r⁴depinguntur</strong></span> <span class='ocrx_word' id='word_1_155' title='bbox 1112 2884 1175 2927; x_wconf 64' lang='lat' dir='ltr'><strong>co·v</strong></span> <span class='ocrx_word' id='word_1_156' title='bbox 1265 2861 1268 2867; x_wconf 50' lang='lat'><strong>⁴</strong></span> <span class='ocrx_word' id='word_1_157' title='bbox 1302 2931 1309 2956; x_wconf 30' lang='lat' dir='ltr'><em>s</em></span> 
     </span>
    </p>
   </div>
   <div class='ocr_carea' id='block_1_10' title="bbox 125 2961 1178 3256">
    <p class='ocr_par' dir='ltr' id='par_1_10' title="bbox 125 2961 1178 3256">
     <span class='ocr_line' id='line_1_25' title="bbox 126 2961 1177 3052; baseline 0.002 -23"><span class='ocrx_word' id='word_1_158' title='bbox 126 2965 339 3052; x_wconf 87' lang='lat' dir='ltr'><strong>gitationes</strong></span> <span class='ocrx_word' id='word_1_159' title='bbox 362 2961 516 3028; x_wconf 88' lang='lat' dir='ltr'><strong>animae</strong></span> <span class='ocrx_word' id='word_1_160' title='bbox 537 2962 694 3033; x_wconf 73' lang='lat' dir='ltr'><strong>divinae</strong></span> <span class='ocrx_word' id='word_1_161' title='bbox 717 2963 760 3028; x_wconf 89' lang='lat' dir='ltr'><strong>in</strong></span> <span class='ocrx_word' id='word_1_162' title='bbox 780 2963 918 3049; x_wconf 79' lang='lat' dir='ltr'><strong>glabra</strong></span> <span class='ocrx_word' id='word_1_163' title='bbox 936 2968 1090 3052; x_wconf 83' lang='lat' dir='ltr'><strong>hepatis</strong></span> <span class='ocrx_word' id='word_1_164' title='bbox 1113 2986 1177 3032; x_wconf 87' lang='lat' dir='ltr'><strong>su-</strong></span> 
     </span>
     <span class='ocr_line' id='line_1_26' title="bbox 125 3063 1178 3154; baseline 0.005 -25"><span class='ocrx_word' id='word_1_165' title='bbox 125 3063 308 3150; x_wconf 83' lang='lat' dir='ltr'><strong>perficie,</strong></span> <span class='ocrx_word' id='word_1_166' title='bbox 325 3068 520 3154; x_wconf 62' lang='lat' dir='ltr'><strong>tanquamv</strong></span> <span class='ocrx_word' id='word_1_167' title='bbox 532 3065 574 3128; x_wconf 92' lang='lat' dir='ltr'><strong>in</strong></span> <span class='ocrx_word' id='word_1_168' title='bbox 591 3066 767 3150; x_wconf 86' lang='lat' dir='ltr'><strong>speculo,</strong></span> <span class='ocrx_word' id='word_1_169' title='bbox 781 3072 819 3132; x_wconf 90' lang='lat' dir='ltr'><strong>et</strong></span> <span class='ocrx_word' id='word_1_170' title='bbox 836 3068 893 3132; x_wconf 86' lang='lat' dir='ltr'><strong>sic</strong></span> <span class='ocrx_word' id='word_1_171' title='bbox 912 3071 1067 3136; x_wconf 77' lang='lat' dir='ltr'><strong>animae</strong></span> <span class='ocrx_word' id='word_1_172' title='bbox 1086 3071 1178 3134; x_wconf 85' lang='lat' dir='ltr'><strong>bru-</strong></span> 
     </span>
     <span class='ocr_line' id='line_1_27' title="bbox 126 3166 1173 3256; baseline 0.003 -22"><span class='ocrx_word' id='word_1_173' title='bbox 126 3168 202 3234; x_wconf 86' lang='lat' dir='ltr'><strong>tali</strong></span> <span class='ocrx_word' id='word_1_174' title='bbox 222 3166 498 3247; x_wconf 88' lang='lat' dir='ltr'><strong>notificantur;</strong></span> <span class='ocrx_word' id='word_1_175' title='bbox 511 3167 716 3256; x_wconf 73' lang='lat' dir='ltr'><strong>diuinandi</strong></span> <span class='ocrx_word' id='word_1_176' title='bbox 733 3172 909 3254; x_wconf 85' lang='lat' dir='ltr'><strong>potestas</strong></span> <span class='ocrx_word' id='word_1_177' title='bbox 931 3173 972 3238; x_wconf 88' lang='lat' dir='ltr'><strong>in</strong></span> <span class='ocrx_word' id='word_1_178' title='bbox 994 3176 1173 3240; x_wconf 83' lang='lat' dir='ltr'><strong>substan-</strong></span> 
     </span>
    </p>
   </div>
   <div class='ocr_carea' id='block_1_11' title="bbox 126 3271 1299 3362">
    <p class='ocr_par' dir='ltr' id='par_1_11' title="bbox 126 3271 1299 3362">
     <span class='ocr_line' id='line_1_28' title="bbox 126 3271 1299 3362; baseline -0.002 -24"><span class='ocrx_word' id='word_1_179' title='bbox 126 3273 188 3338; x_wconf 87' lang='lat' dir='ltr'><strong>tie</strong></span> <span class='ocrx_word' id='word_1_180' title='bbox 205 3271 360 3358; x_wconf 82' lang='lat' dir='ltr'><strong>hepatis</strong></span> <span class='ocrx_word' id='word_1_181' title='bbox 379 3273 544 3348; x_wconf 83' lang='lat' dir='ltr'><strong>residet,</strong></span> <span class='ocrx_word' id='word_1_182' title='bbox 566 3291 634 3336; x_wconf 89' lang='lat' dir='ltr'><strong>nec</strong></span> <span class='ocrx_word' id='word_1_183' title='bbox 663 3273 877 3360; x_wconf 86' lang='lat' dir='ltr'><strong>participat</strong></span> <span class='ocrx_word' id='word_1_184' title='bbox 902 3277 945 3342; x_wconf 90' lang='lat' dir='ltr'><strong>in</strong></span> <span class='ocrx_word' id='word_1_185' title='bbox 965 3278 1038 3362; x_wconf 85' lang='lat' dir='ltr'><strong>hac</strong></span> <span class='ocrx_word' id='word_1_186' title='bbox 1059 3297 1176 3362; x_wconf 84' lang='lat' dir='ltr'><strong>opera</strong></span> <span class='ocrx_word' id='word_1_187' title='bbox 1294 3327 1299 3336; x_wconf 90' lang='lat'>.</span> 
     </span>
    </p>
   </div>
   <div class='ocr_carea' id='block_1_12' title="bbox 31 3371 1261 4403">
    <p class='ocr_par' dir='ltr' id='par_1_12' title="bbox 31 3371 1261 4403">
     <span class='ocr_line' id='line_1_29' title="bbox 129 3371 1261 3466; baseline 0.006 -28"><span class='ocrx_word' id='word_1_188' title='bbox 129 3375 342 3466; x_wconf 82' lang='lat' dir='ltr'><strong>quidquam</strong></span> <span class='ocrx_word' id='word_1_189' title='bbox 365 3377 498 3440; x_wconf 87' lang='lat' dir='ltr'><strong>anima</strong></span> <span class='ocrx_word' id='word_1_190' title='bbox 527 3375 973 3466; x_wconf 73' lang='lat' dir='ltr'><strong>rationalis‚&#39;siquidem</strong></span> <span class='ocrx_word' id='word_1_191' title='bbox 1004 3377 1175 3446; x_wconf 80' lang='lat' dir='ltr'><strong>deliran·</strong></span> <span class='ocrx_word' id='word_1_192' title='bbox 1246 3371 1261 3458; x_wconf 58' lang='grc'><strong>,’</strong></span> 
     </span>
     <span class='ocr_line' id='line_1_30' title="bbox 126 3479 1176 3568; baseline 0.001 -22"><span class='ocrx_word' id='word_1_193' title='bbox 126 3489 187 3546; x_wconf 85' lang='lat' dir='ltr'><strong>tes</strong></span> <span class='ocrx_word' id='word_1_194' title='bbox 208 3496 359 3565; x_wconf 88' lang='lat' dir='ltr'><strong>quoque</strong></span> <span class='ocrx_word' id='word_1_195' title='bbox 387 3484 424 3544; x_wconf 85' lang='lat' dir='ltr'><strong>et</strong></span> <span class='ocrx_word' id='word_1_196' title='bbox 449 3479 864 3548; x_wconf 83' lang='lat' dir='ltr'><strong>&#39;somniantes&#39;futuros</strong></span> <span class='ocrx_word' id='word_1_197' title='bbox 886 3483 1116 3568; x_wconf 85' lang='lat' dir='ltr'><strong>praedicunt</strong></span> <span class='ocrx_word' id='word_1_198' title='bbox 1135 3507 1176 3547; x_wconf 87' lang='lat' dir='ltr'><strong>e·</strong></span> 
     </span>
     <span class='ocr_line' id='line_1_31' title="bbox 127 3584 1176 3669; baseline 0.002 -19"><span class='ocrx_word' id='word_1_199' title='bbox 127 3591 280 3650; x_wconf 80' lang='lat' dir='ltr'><strong>ventus.</strong></span> <span class='ocrx_word' id='word_1_200' title='bbox 323 3584 458 3654; x_wconf 83' lang='lat' dir='ltr'><strong>Uterus</strong></span> <span class='ocrx_word' id='word_1_201' title='bbox 489 3591 676 3668; x_wconf 84' lang='lat' dir='ltr'><strong>tanquam</strong></span> <span class='ocrx_word' id='word_1_202' title='bbox 706 3586 855 3669; x_wconf 86' lang='lat' dir='ltr'><strong>animal</strong></span> <span class='ocrx_word' id='word_1_203' title='bbox 888 3589 996 3653; x_wconf 86' lang='lat' dir='ltr'><strong>ferox</strong></span> <span class='ocrx_word' id='word_1_204' title='bbox 1027 3589 1176 3652; x_wconf 87' lang='lat' dir='ltr'><strong>rationi</strong></span> 
     </span>
     <span class='ocr_line' id='line_1_32' title="bbox 126 3683 1174 3808; baseline 0.002 -55"><span class='ocrx_word' id='word_1_205' title='bbox 126 3683 234 3753; x_wconf 85' lang='lat' dir='ltr'><strong>haud</strong></span> <span class='ocrx_word' id='word_1_206' title='bbox 256 3685 410 3762; x_wconf 81' lang='lat' dir='ltr'><strong>obedit,</strong></span> <span class='ocrx_word' id='word_1_207' title='bbox 435 3691 473 3750; x_wconf 90' lang='lat' dir='ltr'><strong>et</strong></span> <span class='ocrx_word' id='word_1_208' title='bbox 493 3690 527 3754; x_wconf 84' lang='lat' dir='ltr'><strong>si</strong></span> <span class='ocrx_word' id='word_1_209' title='bbox 546 3687 624 3772; x_wconf 87' lang='lat' dir='ltr'><strong>ejus</strong></span> <span class='ocrx_word' id='word_1_210' title='bbox 650 3709 729 3753; x_wconf 90' lang='lat' dir='ltr'><strong>non</strong></span> <span class='ocrx_word' id='word_1_211' title='bbox 757 3688 927 3754; x_wconf 84' lang='lat' dir='ltr'><strong>satisfiat</strong></span> <span class='ocrx_word' id='word_1_212' title='bbox 952 3686 1174 3808; x_wconf 78' lang='lat' dir='ltr'><strong>cupiditati,</strong></span> 
     </span>
     <span class='ocr_line' id='line_1_33' title="bbox 126 3773 1205 3879; baseline 0.002 -24"><span class='ocrx_word' id='word_1_213' title='bbox 126 3813 212 3878; x_wconf 87' lang='lat' dir='ltr'><strong>per</strong></span> <span class='ocrx_word' id='word_1_214' title='bbox 219 3811 365 3876; x_wconf 85' lang='lat' dir='ltr'><strong>corpus</strong></span> <span class='ocrx_word' id='word_1_215' title='bbox 371 3797 587 3876; x_wconf 85' lang='lat' dir='ltr'><strong>grassatur,</strong></span> <span class='ocrx_word' id='word_1_216' title='bbox 609 3793 813 3879; x_wconf 85' lang='lat' dir='ltr'><strong>variosque</strong></span> <span class='ocrx_word' id='word_1_217' title='bbox 839 3793 1000 3862; x_wconf 82' lang='lat' dir='ltr'><strong>suscitat</strong></span> <span class='ocrx_word' id='word_1_218' title='bbox 1024 3773 1174 3868; x_wconf 82' lang='lat' dir='ltr'><strong>iriordi-</strong></span> <span class='ocrx_word' id='word_1_219' title='bbox 1202 3790 1205 3796; x_wconf 64' lang='grc'>“</span> 
     </span>
     <span class='ocr_line' id='line_1_34' title="bbox 128 3891 1173 3980; baseline -0.001 -19"><span class='ocrx_word' id='word_1_220' title='bbox 128 3901 243 3966; x_wconf 86' lang='lat' dir='ltr'><strong>natos</strong></span> <span class='ocrx_word' id='word_1_221' title='bbox 264 3900 405 3966; x_wconf 87' lang='lat' dir='ltr'><strong>motus,</strong></span> <span class='ocrx_word' id='word_1_222' title='bbox 447 3895 542 3960; x_wconf 87' lang='lat' dir='ltr'><strong>Lien</strong></span> <span class='ocrx_word' id='word_1_223' title='bbox 574 3891 817 3980; x_wconf 73' lang='lat' dir='ltr'><strong>repurgando</strong></span> <span class='ocrx_word' id='word_1_224' title='bbox 839 3896 974 3978; x_wconf 87' lang='lat' dir='ltr'><strong>hepati</strong></span> <span class='ocrx_word' id='word_1_225' title='bbox 1000 3903 1037 3961; x_wconf 86' lang='lat' dir='ltr'><strong>et</strong></span> <span class='ocrx_word' id='word_1_226' title='bbox 1063 3896 1173 3960; x_wconf 90' lang='lat' dir='ltr'><strong>miti</strong></span> 
     </span>
     <span class='ocr_line' id='line_1_35' title="bbox 127 4000 1222 4090; baseline -0.006 -18"><span class='ocrx_word' id='word_1_227' title='bbox 127 4004 267 4090; x_wconf 69' lang='lat' dir='ltr'><strong>gandia</strong></span> <span class='ocrx_word' id='word_1_228' title='bbox 291 4000 602 4070; x_wconf 85' lang='lat' dir='ltr'><strong>animimotibus</strong></span> <span class='ocrx_word' id='word_1_229' title='bbox 621 4000 796 4068; x_wconf 81' lang='lat' dir='ltr'><strong>inservit</strong></span> <span class='ocrx_word' id='word_1_230' title='bbox 838 4000 1068 4085; x_wconf 87' lang='lat' dir='ltr'><strong>Ligamenta</strong></span> <span class='ocrx_word' id='word_1_231' title='bbox 1089 4020 1173 4065; x_wconf 90' lang='lat' dir='ltr'><strong>mo·</strong></span> <span class='ocrx_word' id='word_1_232' title='bbox 1216 4019 1222 4025; x_wconf 86' lang='lat'><em>·</em></span> 
     </span>
     <span class='ocr_line' id='line_1_36' title="bbox 117 4109 1208 4194; baseline -0.001 -20"><span class='ocrx_word' id='word_1_233' title='bbox 117 4117 224 4186; x_wconf 41' lang='lat' dir='ltr'><strong>,vent</strong></span> <span class='ocrx_word' id='word_1_234' title='bbox 254 4117 291 4176; x_wconf 86' lang='lat' dir='ltr'><strong>et</strong></span> <span class='ocrx_word' id='word_1_235' title='bbox 323 4110 485 4176; x_wconf 85' lang='lat' dir='ltr'><strong>flectunt</strong></span> <span class='ocrx_word' id='word_1_236' title='bbox 513 4114 663 4192; x_wconf 86' lang='lat' dir='ltr'><strong>partes;</strong></span> <span class='ocrx_word' id='word_1_237' title='bbox 684 4109 848 4173; x_wconf 89' lang='lat' dir='ltr'><strong>musculi</strong></span> <span class='ocrx_word' id='word_1_238' title='bbox 878 4113 1006 4182; x_wconf 85' lang='lat' dir='ltr'><strong>autem</strong></span> <span class='ocrx_word' id='word_1_239' title='bbox 1037 4127 1173 4194; x_wconf 86' lang='lat' dir='ltr'><strong>corpus</strong></span> <span class='ocrx_word' id='word_1_240' title='bbox 1204 4131 1208 4142; x_wconf 72' lang='lat'>¹</span> 
     </span>
     <span class='ocr_line' id='line_1_37' title="bbox 130 4211 1170 4294; baseline -0.002 -17"><span class='ocrx_word' id='word_1_241' title='bbox 130 4215 367 4284; x_wconf 80' lang='lat' dir='ltr'><strong>calefaciunt</strong></span> <span class='ocrx_word' id='word_1_242' title='bbox 388 4221 428 4282; x_wconf 82' lang='lat' dir='ltr'><strong>et</strong></span> <span class='ocrx_word' id='word_1_243' title='bbox 447 4219 605 4279; x_wconf 85' lang='lat' dir='ltr'><strong>tuentur</strong></span> <span class='ocrx_word' id='word_1_244' title='bbox 632 4217 767 4278; x_wconf 88' lang='lat' dir='ltr'><strong>contra</strong></span> <span class='ocrx_word' id='word_1_245' title='bbox 797 4211 962 4294; x_wconf 82' lang='lat' dir='ltr'><strong>iniurias</strong></span> <span class='ocrx_word' id='word_1_246' title='bbox 982 4218 1170 4276; x_wconf 85' lang='lat' dir='ltr'><strong>externas.</strong></span> 
     </span>
     <span class='ocr_line' id='line_1_38' title="bbox 31 4315 1172 4403; baseline -0.002 -19"><span class='ocrx_word' id='word_1_247' title='bbox 31 4325 56 4398; x_wconf 87' lang='lat'><strong>&#39;.</strong></span> <span class='ocrx_word' id='word_1_248' title='bbox 127 4317 335 4388; x_wconf 78' lang='lat' dir='ltr'><strong>Pulmones</strong></span> <span class='ocrx_word' id='word_1_249' title='bbox 364 4317 546 4388; x_wconf 84' lang='lat' dir='ltr'><strong>nocivum</strong></span> <span class='ocrx_word' id='word_1_250' title='bbox 576 4315 706 4403; x_wconf 84' lang='lat' dir='ltr'><strong>ignem</strong></span> <span class='ocrx_word' id='word_1_251' title='bbox 737 4320 777 4380; x_wconf 87' lang='lat' dir='ltr'><strong>et</strong></span> <span class='ocrx_word' id='word_1_252' title='bbox 806 4320 933 4383; x_wconf 83' lang='lat' dir='ltr'><strong>a&#39;e’rsm</strong></span> <span class='ocrx_word' id='word_1_253' title='bbox 964 4336 984 4379; x_wconf 86' lang='lat' dir='ltr'><strong>e</strong></span> <span class='ocrx_word' id='word_1_254' title='bbox 1015 4333 1172 4401; x_wconf 79' lang='lat' dir='ltr'><strong>corpora</strong></span> 
     </span>
    </p>
   </div>
   <div class='ocr_carea' id='block_1_13' title="bbox 0 0 1464 4998">
    <p class='ocr_par' dir='ltr' id='par_1_13' title="bbox 0 0 1464 4998">
     <span class='ocr_line' id='line_1_39' title="bbox 0 0 1464 4998; baseline 0 0"><span class='ocrx_word' id='word_1_255' title='bbox 0 0 1464 4998; x_wconf 95' lang='lat' dir='ltr'><strong> </strong></span> 
     </span>
    </p>
   </div>
  </div>
 </body>
</html>
