2920 4998
272 415 314 480 42
452 417 459 430 ·
687 397 893 469 Incensos.

274 544 507 621 calcaream,
540 522 778 620 aluminam,
811 545 1071 629 magnesiam,
1105 547 1318 615 calcaream

268 652 578 734 phosphoratam
609 655 647 714 et
674 651 818 714 ferrum
851 650 1060 760 oxydatum
1092 655 1312 739 largiuntur

233 805 272 830 .,
274 758 329 839 *.)
341 755 633 818 -Substantias
656 755 848 836 simplices
873 735 979 820 intra
1008 759 1234 840 organicum
1255 779 1319 842 ge·

271 879 340 926 ner
344 878 402 921 rrr
424 874 578 938 corpus,
604 874 718 918 ovum
741 857 969 920 incubatum
992 860 1181 938 ostendit3
1205 879 1345 942 auge·

273 966 336 1024 tur
359 960 462 1024 enim
484 958 525 1022 in
545 958 616 1021 hoc
640 960 829 1033 calc-area,
853 951 948 1045 quae
968 961 1015 1024 ab
1039 969 1145 1026 extus
1168 963 1319 1026 accede-

273 1090 313 1132 re
344 1090 420 1132 non
451 1073 597 1153 potest,
631 1068 977 1148 ea·prop0rtione,
1001 1088 1075 1153 qua
1103 1071 1232 1152 pullus
1266 1071 1315 1133 ad

273 1175 335 1238 sui
363 1171 510 1238 accedit
540 1171 818 1240 maturitatem.
861 1171 990 1236 Partes
1012 1172 1100 1236 dein
1122 1175 1319 1238 constitu-

273 1277 378 1342 tivae
409 1257 672 1349 animalium,
704 1273 960 1355 simpliciores
991 1281 1029 1338 et
1062 1277 1317 1358 compositae,

272 1381 405 1446 eadem
436 1381 555 1444 ferme
584 1379 830 1464 proportione
861 1383 1079 1444 constanter
1110 1380 1317 1444 inveniun-

271 1493 357 1562 tur,
380 1506 444 1550 seu
465 1485 697 1570 vegetabili,
720 1505 784 1546 seu
804 1501 893 1546 vero
917 1484 1081 1547 animali
1112 1493 1317 1551 vescantur

274 1589 383 1666 cib03
414 1607 612 1676 nunquam
643 1587 747 1650 enim
778 1585 914 1650 desunt
944 1588 1110 1663 ferrum,
1133 1588 1318 1670 sulphur,

271 1691 427 1756 acidum
445 1691 762 1773 phosphoricum,
774 1688 958 1773 gelatina,
971 1691 1149 1758 albumen
1164 1695 1201 1754 et
1211 1689 1318 1772 prin·
1355 1749 1363 1758 .

274 1779 421 1877 cipium
442 1793 628 1860 fibrosum
641 1834 651 1866 ,
674 1793 765 1858 licet
794 1795 888 1856 haec
910 1794 952 1857 in
974 1792 1161 1858 adsumtis
1192 1793 1317 1878 detegi

274 1919 383 1982 saepe
404 1920 480 1963 non
511 1898 660 1981 possint
684 1894 962 1966 alimontia-
983 1899 1228 1964 Substantiae
1252 1900 1315 1963 de-

273 2025 386 2070 mum·
402 2003 594 2087 simplices
612 2022 678 2085 per
697 2002 860 2066 vitalem
879 2021 1096 2084 processum
1117 2005 1264 2068 mutari
1276 2004 1318 2067 in

275 2107 374 2170 alias
404 2106 605 2185 videntur3
637 2105 692 2169 sic
720 2105 921 2187 probabile
960 2110 1036 2180 est,
1069 2098 1243 2170 siliceam
1275 2091 1317 2172 i'n

274 2208 485 2280 calcaream
508 2215 545 2273 et
565 2208 681 2272 alcali
701 2208 914 2326 vegetabile
935 2208 976 2272 ln
997 2215 1152 2272 natrum
1172 2209 1335 2280 transi·‚

273 2336 336 2380 re·
359 2314 503 2378 etenim
524 2319 764 2377 excrementa
793 2312 925 2376 avium
948 2315 1058 2408 longe
1079 2314 1165 2395 plus
1194 2313 1319 2376 calca

189 2447 195 2456 ·
275 2436 361 2482 reae
392 2420 430 2478 et
460 2415 586 2478 minus
617 2421 740 2478 terrae
772 2415 926 2480 siliceae
958 2416 1179 2488 continent,
1203 2432 1319 2497 quam

276 2519 466 2583 alimenta
497 2516 695 2597 adsumta3
729 2517 834 2590 adest
865 2519 953 2583 dein
985 2495 1099 2580 alcbli
1132 2517 1341 2580 minerale·

189 2677 192 2692 ,
275 2622 318 2686 in
352 2621 401 2684 iis
433 2638 579 2704 quoque
610 2603 876 2694 animalibus,
911 2639 1004 2705 quae
1034 2619 1318 2699 vegetabilibus

275 2729 453 2798 tantum,
477 2720 600 2787 solum
621 2719 696 2784 cali
718 2723 1028 2802 continentibus,
1051 2725 1268 2785 vescuntur.

350 2865 401 2954 ι3)
426 2863 607 2950 Quamvis
632 2863 803 2927 chemica
823 2863 1033 2946 disciplina
1051 2849 1182 2929 nostra
1214 2849 1320 2936 aeta·

278 2965 545 3036 te⁸illustrata
577 2966 745 3036 multum
775 2966 916 3040 fuerit,
948 2987 1032 3030 eam
1063 2973 1195 3043 tamen
1223 2990 1320 3034 non-

200 3109 207 3128 .
279 3069 371 3135 dum
401 3073 546 3155 accepit
575 3072 873 3152 perlectionem,
905 3077 948 3136 ut
978 3069 1026 3134 ad
1058 3075 1322 3160 exponendam

279 3175 427 3254 vitam,
450 3176 716 3254 sanitatsmnet
748 3177 925 3242 morbum
955 3177 1036 3246 sine
1067 3179 1177 3261 gravi
1209 3175 1321 3243 adhi'ss

278 3281 363 3349 beri
383 3278 507 3367 pbssit
537 3300 681 3344 errores
704 3282 847 3346 etenim
875 3284 1026 3346 chemin
1056 3287 1116 3348 vel
1138 3306 1203 3360 ea,
1227 3303 1324 3370 quas

231 3399 258 3457 ἦ
278 3386 334 3450 sic
356 3384 460 3456 dicta
482 3383 714 3466 anorganica
737 3384 920 3470 disquirit
943 3403 1120 3468 corpora,
1144 3387 1222 3450 suis
1243 3407 1321 3452 non

282 3498 385 3561 caret
418 3485 743 3569 difficultatibus3
775 3505 822 3552 ea·
850 3510 960 3566 vero,
993 3511 1100 3577 quae
1119 3492 1323 3556 zooche·
1342 3567 1351 3582 ἱ

283 3596 383 3684 mia
416 3591 590 3666 dicitur,
624 3598 691 3657 aut
721 3613 825 3677 quae
846 3596 959 3676 plane
995 3594 1185 3658 vitalis
1219 3595 1323 3660 che·
1346 3665 1354 3676 ,

279 3697 411 3762 miae
432 3693 509 3757 sibi
533 3680 703 3783 adr'ogat
713 3714 873 3771 nomen,
897 3697 998 3762 inter
1018 3697 1084 3779 pia
1105 3696 1227 3760 adhuc
1255 3719 1325 3761 na-

254 3797 418 3865 'turalis
441 3797 623 3864 scientiae
645 3799 778 3864 referri
801 3798 917 3863 debet
932 3798 1201 3866 desideria!-
1224 3803 1326 3868 Mul-

245 3985 248 3994 *
280 3910 323 3968 ta
344 3899 468 3974 enim,
492 3919 587 3987 quae
606 3921 674 4020 pro
694 3903 990 3970 elementaribus
1009 3903 1199 3968 habentur
1217 3906 1325 3986 prin·

283 4004 418 4087 cipiis,
450 4006 491 4070 in
523 4003 714 4088 organicis
747 4011 991 4090 generantur
1009 4008 1253 4088 corporibus,
1286 4013 1325 4074 et

282 4107 494 4172 docuerunt
523 4125 643 4191 nuper
683 4107 879 4172 stvsrm
909 4109 1192 4191 experimenta,
1215 4111 1321 4174 inco·

283 4211 436 4296 gnitum
476 4211 642 4302 adusque
662 4212 779 4276 fuisse
811 4212 994 4276 alcalium
1016 4219 1217 4290 naturam,
1241 4236 1325 4286 cum

193 4339 195 4348 ·
259 4313 531 4383 ·Gslvauismi
570 4333 640 4401 ope
670 4313 713 4382 in
745 4313 1031 4382 metalloideam
1073 4320 1327 4388 transmutari
