2950 5002
441 303 457 332 s
692 327 694 334 .

290 375 349 444 128
713 357 937 427 laesisses.

286 517 373 599 ipse
392 511 511 576 semet
532 503 657 590 ipsam
674 507 938 586 repraesentat
958 502 1030 593 (l).
1062 509 1249 576 Consistit
1269 512 1331 578 vi.

286 617 328 685 te
349 617 392 681 in
412 620 552 678 natura
582 607 779 690 energima,
807 609 1060 674 substantiali
1090 619 1129 676 'et
1149 605 1329 693 interna,

285 731 324 788 et
350 721 510 804 ponitur
539 731 663 785 mors,
683 706 752 772 ubl
772 716 934 775 naturae
965 713 1134 798 triplicis
1164 718 1329 784 resolui-

231 885 236 899 Χ
283 831 347 892 tur
362 822 516 910 'foedus
557 815 646 877 Vita
666 813 842 896 energica
869 817 925 878 est
943 815 1173 899 primitiva,
1193 819 1331 887 inhae.

283 933 344 1014 ret
372 920 584 1011 materiae,¹
607 921 737 999 estque
773 921 972 998 perpetua.
1015 918 1175 984 Formae
1205 931 1330 989 mate-

282 1025 400 1093 riales
426 1043 504 1086 non
534 1024 623 1084 sunt
661 1017 875 1100 primariae
892 1057 904 1093 ,
935 1033 1029 1084 nam
1058 1021 1277 1110 dependent
1306 1045 1333 1088 s.

282 1127 451 1195 materia
476 1127 520 1186 ut
548 1123 643 1196 tali,
672 1141 749 1185 non
785 1123 949 1184 versut
979 1120 1221 1200 substantias
1251 1145 1332 1192 non

284 1231 526 1298 constituunt
558 1227 707 1291 formae
733 1225 859 1288 vitam
899 1224 1058 1307 ipsam,
1091 1227 1157 1292 se'd
1193 1232 1329 1298 modos

283 1325 440 1406 tantum
465 1332 565 1416 ejus3
587 1351 665 1394 non
687 1329 857 1392 existunt
875 1333 966 1394 ante
986 1337 1155 1407 motum,
1177 1332 1242 1396 sed
1262 1353 1332 1418 per

282 1447 385 1514 hunc
407 1441 533 1524 ipsum
554 1436 697 1519 potius·
716 1432 1046 1512 determinantun
1066 1443 1156 1501 sunt
1176 1441 1331 1504 formae

283 1529 680 1615 istes'anconstentes
693 1578 704 1611 ,
727 1557 796 1600 nec
826 1537 904 1620 ipsi
936 1543 1127 1606 materiae
1156 1561 1331 1608 necessa·

236 1629 247 1642 i
282 1656 375 1722 riae.
417 1653 615 1716 Internum
634 1642 823 1706 materiae
840 1643 1077 1727 principium
1093 1649 1217 1714 libere
1238 1668 1330 1733 ope-

281 1763 414 1828 ratur,
442 1747 592 1834 appetit
622 1741 742 1810 finem
774 1751 812 1809 et
827 1735 973 1829 ¹seligit
991 1749 1122 1814 media
1143 1771 1330 1836 congrua3

282 1879 361 1926 non
379 1850 658 1918 determinatur
682 1845 803 1930 igitur
821 1867 889 1931 per
912 1866 1044 1913 causas
1063 1853 1259 1918 fortuitas.

358 1995 523 2064 .Tribuit
555 1994 736 2060 Gnissou
777 1991 889 2057 fibris
930 1992 1113 2060 animalis
1156 1997 1328 2082 corporis

166 2123 170 2130 ’
235 2146 259 2158 ·-
281 2101 363 2170 vim
384 2097 606 2186 propriam,
629 2096 845 2184 quam-ipse
862 2100 1009 2182 primus
1024 2101 1045 2180 ,i
1057 2100 1227 2168 rritab
1241 2106 1255 2167 i
1267 2104 1281 2167 l
1294 2105 1328 2168 i-

281 2215 440 2293 tatem
460 2207 732 2290 compellavit3
754 2205 934 2274 distinxit
962 2215 1089 2274 motus
1110 2210 1151 2274 in
1171 2210 1328 2278 sensiti-

281 2333 349 2378 vos
368 2315 406 2376 st
423 2305 644 2389 naturalem
669 2310 869 2385 voluntas,
896 2311 1112 2396 phantasia
1143 2321 1181 2378 et
1211 2333 1328 2398 appe·

281 2417 377 2482 titus
419 2399 608 2479 animales
643 2413 684 2478 in
718 2412 977 2479 musculorum
1008 2421 1128 2498 agunt
1157 2415 1260 2492 vim,
1289 2420 1329 2484 et
1397 2453 1402 2458 ·

281 2522 432 2605 ponunt
467 2536 552 2582 eam
593 2513 634 2578 in
664 2515 870 2579 actionem.
923 2513 1096 2580 Possidet
1130 2519 1328 2582 cerebrum

174 2681 190 2710 χ
281 2628 516 2693 structuram
545 2617 753 2693 fibrosam,
774 2615 874 2681 unde
898 2615 1145 2700 perceptione
1178 2639 1328 2708 quoque

281 2723 444 2813 gaudet,
467 2743 489 2786 a
520 2720 740 2784 sensatione
773 2715 1058 2804 distinguenda.
1102 2723 1194 2806 Agit
1215 2743 1326 2809 orga-

280 2849 360 2896 non
386 2825 540 2889 animae
563 2821 604 2884 in
623 2822 813 2888 musculos
836 2817 964 2886 medio
994 2809 1204 2907 spirituum
1224 2825 1327 2890 vite-

282 2932 401 3006 lium,
423 2927 489 3013 qui
507 2924 671 2990 fluidum
692 2921 932 2992 constituunt
948 2925 1160 3004 blandum,
1189 2927 1327 3004 dulce,

281 3033 456 3098 nutriens
467 3028 745 3112 ,·spirituosae
782 3029 993 3116 albuminis
1033 3033 1138 3113 parti
1170 3029 1327 3110 similes

281 3159 360 3206 non
379 3139 556 3200 movetur
585 3134 748 3200 fluidum
780 3137 907 3202 isthoc
929 3157 1079 3204 sursum
1111 3145 1226 3225 etque
1260 3138 1328 3204 de·

282 3259 412 3308 orsum
431 3239 473 3302 in
492 3249 700 3304 nervorum
719 3239 886 3313 tubulis,
908 3239 1065 3309 idoneas
1086 3247 1217 3305 tamen
1240 3241 1327 3305 red·

283 3345 342 3410 dit
371 3339 599 3416 medullares
621 3341 738 3406 fibras
762 3362 831 3424 pro
858 3342 1076 3406 actionibus
1106 3343 1195 3406 suis.
1239 3342 1326 3407 Tri·

280 3450 369 3535 plex
397 3450 454 3510 est
480 3443 757 3510 irritabilitess
777 3445 988 3518 naturalis,
1014 3445 1149 3509 vitalis
1179 3449 1217 3508 et
1239 3447 1327 3512 ani·

280 3552 417 3628 malis3
447 3549 666 3614 naturalem
708 3546 1019 3611 irritabilitatem
1051 3547 1247 3631 possident
1276 3549 1325 3614 fi-

281 3660 374 3726 brae
395 3697 406 3731 ,
434 3655 630 3727 medulla,
659 3650 852 3736 pinguedo
864 3691 875 3725 ,
897 3653 1160 3738 perenrhyma
1178 3697 1189 3732 ,
1210 3675 1326 3728 ossa,

281 3756 439 3848 sanguis
475 3768 514 3824 et
542 3779 671 3824 omnes
711 3758 919 3836 humor-est
957 3757 1058 3822 deest
1096 3761 1157 3826 his
1188 3751 1330 3844 perti.

280 3865 351 3930 bus
383 3862 565 3928 animalis
592 3859 807 3946 perceptio,
826 3859 906 3924 -ubi
936 3879 1024 3924 vero
1055 3863 1195 3928 vitales
1219 3885 1325 3928 acce·
1377 3921 1381 3928 .

282 3965 379 4032 dunt
410 3963 600 4047 spiritus,
634 3961 822 4026 animales
864 3967 902 4027 st
933 3956 1073 4027 vitales
1111 3948 1325 4044 redduntur

281 4074 410 4156 partes
432 4072 470 4132 et
489 4065 619 4132 officie
638 4083 780 4130 aarum.
