2920 4998
279 330 318 398 18
689 318 901 389 montosus.

278 469 472 540 sitivus
494 473 533 535 et
551 469 851 558 negativus)
872 470 932 537 ita
952 467 1029 536 sibi
1053 473 1313 559 opponuntur,

276 584 322 642 ut
348 573 516 648 eiusdem
542 571 712 636 nominis
733 559 855 638 semet
885 576 1076 658 repellant
1104 585 1143 644 et
1173 580 1317 651 diversi

277 686 409 747 mutuo
440 698 481 741 se
517 677 729 742 attrahant.
772 677 918 741 Caloris
948 680 1139 762 polaritas
1160 704 1228 768 per
1248 705 1318 769 op·

275 785 444 870 positam
464 778 600 845 mundi
619 780 819 864 regionum
840 783 1068 867 temperiem
1090 789 1316 852 manifesta·

276 893 359 953 turs
390 902 554 969 namquo
576 882 746 946 climatis
770 883 894 948 nostri
914 885 1049 972 hyems
1077 888 1316 972 rigidissima

210 979 214 986 ’
279 1005 364 1052 cum
384 981 530 1069 insigni
552 985 753 1069 regionum
778 986 1009 1052 aretinarum
1040 990 1226 1057 coincidit
1256 999 1315 1056 te·

158 1110 166 1132 ι
276 1108 391 1178 pore,
414 1091 452 1152 et
470 1085 596 1150 calent
618 1093 683 1150 aut
702 1087 849 1171 frigent
868 1088 990 1152 valles
1002 1131 1013 1165 ‚
1025 1092 1093 1155 ubi
1114 1107 1315 1177 supremae

276 1191 469 1258 montium
490 1187 664 1273 regiones
686 1189 924 1254 contrariam
954 1192 1139 1260 exhibent
1164 1202 1312 1280 tempe-

272 1299 384 1366 riem.
412 1294 521 1388 Lucis
543 1293 730 1377 polaritas
752 1294 1024 1386 experimentis
1036 1297 1316 1364 Caroliscnns-

276 1416 321 1467 η
341 1405 378 1464 et
409 1399 436 1462 Ι.
466 1396 619 1460 Rrrrmt
651 1395 860 1461 evincitur:
883 1398 1027 1462 etenim
1059 1401 1163 1466 color
1192 1407 1316 1466 extre·

276 1522 361 1569 mus
380 1499 579 1585 prismatis
601 1497 648 1561 ab
679 1518 757 1562 una
784 1503 895 1582 parte
927 1507 1127 1584 argentum
1149 1503 1316 1589 oxydat,
1385 1507 1389 1516 '

257 1629 363 1687 ,cum
384 1609 506 1671 altera
528 1601 628 1667 illud
649 1601 809 1666 reducit.
851 1602 1125 1702 Electrioitatis
1149 1603 1315 1692 deniquo

276 1720 315 1778 et
336 1707 578 1776 Galvanismi
598 1705 786 1791 polaritas
805 1705 984 1798 piurimis
1007 1709 1132 1774 evicta
1150 1709 1317 1776 habetur

277 1805 565 1901 experimentis·

359 1954 538 2020 Tendunt
576 1957 706 2018 autem
751 1951 902 2036 polares
941 1949 1313 2034 imponderabilium
1396 1995 1399 2004 ‚

277 2055 555 2144 quoque'vires
585 2053 634 2118 ad
666 2061 840 2118 mutuam
871 2053 1130 2123 sublationem
1159 2054 1239 2130 ita,
1272 2061 1316 2121 ut
1422 2121 1443 2143 Η

278 2157 512 2248 expensione
548 2175 617 2219 sua
647 2157 951 2228 contractionem
981 2161 1020 2221 et
1051 2159 1316 2224 contractione

274 2259 548 2345 expansionem
570 2259 820 2324 materiarum
841 2257 978 2322 tollere
996 2257 1315 2338 adnitantur-,se-

277 2369 429 2448 metque
450 2361 551 2444 ipsas
571 2360 730 2425 elidant.
773 2359 970 2425 Cernimus
993 2359 1085 2425 hinc
1114 2360 1156 2426 in
1180 2385 1314 2448 corpo-

278 2487 318 2533 re
347 2461 566 2548 magnetico
598 2469 783 2546 punctum
812 2459 1033 2530 indifferens
1051 2503 1077 2541 ,.
1094 2464 1178 2533 loco
1214 2468 1315 2534 inter

278 2569 388 2654 polos
409 2562 550 2630 medio·
641 2623 643 2628 .

654 2797 656 2802 ·
739 2737 769 2830 ς
814 2749 863 2816 lis

608 2953 611 2960 ’
651 2929 935 3020 Repetitio.

361 3063 445 3140 Duo
477 3073 597 3160 igitur
625 3080 737 3153 sunt,
768 3075 906 3162 quibus
938 3061 1072 3142 omnia
1104 3073 1146 3142 in
1176 3066 1317 3143 natura

279 3175 463 3242 universa
493 3177 663 3242 existunt
696 3183 735 3243 et
772 3168 1043 3264 phaenomena
1083 3179 1318 3246 suscitantur

282 3279 414 3345 variat
445 3281 667 3344 materia
694 3268 734 3345 ot
761 3281 925 3361 viras3
945 3259 1014 3347 ned
1045 3283 1161 3351 aliter
1189 3305 1319 3351 rerum

279 3381 518 3448 naturalium
547 3369 711 3452 ,infinita
739 3381 853 3448 nobis
885 3381 1097 3450 innotescit
1124 3369 1317 3462 varietas,

280 3465 1319 3586 nisipouviresaarumphysicasetohomicas‚¹

279 3608 421 3676 perque
445 3589 702 3673 energiam
733 3588 1065 3675 dynamicam.
1107 3593 1207 3658 Haec
1230 3611 1319 3676 ergo

280 3699 390 3766 sunt,
411 3705 650 3776 quaesensus
670 3693 825 3754 nostros
856 3688 1046 3756 adficiunt
1065 3697 1103 3758 et
1122 3692 1228 3757 ideas
1257 3714 1321 3758 su·

280 3794 444 3884 enitent,
457 3788 657 3854 intellectu
677 3790 955 3858 coordinandas
966 3834 978 3870 ,
990 3787 1105 3878 inque
1126 3792 1321 3858 unitatem

282 3889 576 3982 nonjungendas.
620 3889 712 3956 Cum
743 3913 834 3957 vero
863 3893 1036 3981 humana
1062 3913 1170 3958 mens
1202 3895 1321 3960 altius

276 3993 606 4078 tandat5ipsaquo
625 3993 727 4056 ratlo
748 3993 940 4060 finitimas
961 3996 1321 4078 phaenomenorum

282 4101 321 4164 et
351 4101 512 4162 naturae
541 4095 756 4160 universae*
773 4111 903 4162 causas
933 4109 1064 4161 eruere
1094 4097 1320 4172 adnitatur,

277 4200 457 4268 'omnium
487 4195 613 4282 primo
634 4195 676 4261 iu
704 4199 927 4286 ambiguam
958 4199 1146 4266 materiae
1166 4205 1205 4266 at
1223 4200 1321 4266 viri-
