2950 5002
288 401 350 466 180
511 391 599 458 er.
620 393 648 457 1.
671 390 731 456 Ds
757 404 861 455 vrrs
880 355 1161 474 esnensrrn(

288 541 415 616 ditur,
444 538 635 624 simulque
670 533 794 618 major
821 532 863 596 in·
890 535 1135 617 putredinem
1171 539 1333 621 ponitur

285 645 525 733 proclivitas.
568 639 745 706 Occurrit
777 645 977 724 praeterea
1005 643 1213 728 multiplex
1245 667 1331 712 mae

285 748 408 816 terias
427 748 577 810 forma:
601 741 741 807 adsunt
755 747 884 824 partes
906 743 1024 807 durae
1043 749 1080 808 et
1106 747 1240 811 molles
1260 769 1333 813 va.

285 852 368 917 riae
388 846 650 925 cohaesionis;
674 843 815 909 dantur
843 844 946 909 varii
973 845 1153 912 humores
1178 855 1216 913 et
1245 869 1331 914 ma-

286 956 410 1022 teriae
447 952 684 1048 a'e'ril'onrmes.
726 950 898 1014 Textura
959 954 995 1013 st
1024 951 1160 1031 varia3
1189 953 1334 1020 adsunt

286 1059 498 1148 systemata
518 1055 694 1120 diversas
713 1056 841 1116 textus
865 969 1059 1129 cesldlosh
1083 1056 1333 1122 membrana-

286 1182 394 1237 rum,
415 1158 655 1237 mussulam,
672 1153 893 1222 xnervorum
916 1159 1007 1233 etc.;
1030 1161 1226 1223 structura
1247 1178 1333 1240 cor7

286 1261 389 1349 poris
410 1259 533 1344 magis
556 1265 613 1324 est
632 1257 842 1344 regularis,
858 1255 981 1340 major
1002 1258 1217 1325 advertitur
1240 1281 1332 1346 par-

287 1367 386 1432 tium
405 1363 632 1454 symmetria
651 1365 689 1426 et
711 1365 913 1426 occurrunt
938 1359 1153 1426 formarum
1176 1365 1331 1432 aberra·

285 1471 413 1537 tiones
432 1464 558 1530 rarius
597 1464 722 1529 multo
755 1481 873 1549 quam
893 1461 936 1526 in
958 1464 1131 1545 plantis;
1161 1461 1334 1532 offerunt

192 1569 195 1580 '
285 1572 492 1640 individua
508 1568 685 1634 animata
705 1585 937 1652 organorum
955 1567 1207 1644 varietatem,
1221 1570 1332 1646 adeo,

286 1671 351 1740 ut
358 1675 585 1759 imperfecta
613 1665 733 1736 etiam
766 1669 891 1733 cordis
914 1673 952 1733 et
974 1669 1061 1732 tubi
1092 1669 1332 1738 intestinalis

285 1779 455 1864 vestigia
477 1775 687 1839 minimum
706 1774 952 1859 perhibeant.
998 1772 1091 1837 Inde
1117 1773 1238 1860 igitur
1260 1775 1333 1856 est,

289 1882 392 1970 quod
422 1882 528 1946 vitae
565 1879 786 1943 functiones
817 1876 949 1942 adsint
979 1879 1142 1958 variae3
1168 1881 1337 1945 monife

260 2011 264 2016 ’
289 1991 444 2070 stantur
463 1981 738 2048 sensibilitatis
756 1981 975 2046 functiones
995 2001 1039 2044 ea
1059 1983 1331 2067 proportione,

288 2109 365 2176 qua
383 2104 588 2154 nervosum
601 2089 772 2172 systema
791 2084 915 2168 magis
932 2084 1131 2148 evolutum
1149 2085 1335 2162 cernitur,

199 2245 202 2250 .
287 2197 451 2284 suntque
476 2186 632 2273 reliqua
655 2186 762 2251 vitae
789 2194 953 2252 munera
981 2184 1106 2252 eidem
1127 2189 1335 2275 systemati

288 2296 422 2363 eadem
451 2290 704 2379 proportione
732 2289 923 2400 subjecte3
951 2288 1174 2357 dominatur
1205 2298 1335 2358 autem

286 2421 356 2488 per
374 2406 511 2466 totum
549 2395 721 2460 animale
752 2413 915 2480 regnum
931 2383 1218 2471 irritabilitas,
1240 2415 1337 2482 quae

262 2507 550 2572 ‚characterem
581 2499 661 2580 ejus
691 2497 898 2563 constituit
932 2489 1206 2581 praecipuum,
1231 2497 1335 2563 unde

214 2608 218 2618 ’
286 2603 462 2694 systema
481 2603 698 2669 musculare
721 2600 868 2666 nullibi
892 2599 1048 2682 penitus
1071 2595 1311 2664 desideratur
1324 2643 1336 2677 ,

288 2715 500 2790 cunctaque
532 2708 642 2769 motu
682 2699 851 2786 gaudent
881 2705 1105 2784 spontaneo.
1148 2701 1337 2767 Humores

286 2814 392 2877 vasis
415 2807 663 2872 continentur
684 2801 866 2878 diversis,
879 2806 1083 2866 moventur
1105 2806 1144 2867 et
1167 2803 1333 2870 circum-

289 2919 383 2980 eunt
399 2933 466 2996 per
487 2928 636 2994 corpus·
680 2907 854 2992 Denique
873 2910 999 2990 partas
1023 2890 1209 2992 genitales
1225 2933 1228 2941 ·
1242 2929 1335 2974 evo-

267 3013 438 3082 'lutee'
426 3036 469 3079 rn
498 3014 693 3099 plerisque
723 3008 959 3075 animalibus
998 3008 1121 3093 magis
1153 3016 1262 3086 sunt,
1294 3015 1335 3076 et

287 3122 570 3206 propagantur
576 3115 750 3201 plurima
768 3132 836 3198 per
854 3132 1079 3234 concursum
1108 3112 1310 3202 utriusque
1320 3155 1334 3191 ‚

287 3224 366 3292 sibi
387 3221 558 3309 oppositi
583 3239 705 3285 sexus

287 3422 289 3432 .
370 3365 502 3430 Potest
533 3363 703 3429 animale
738 3372 901 3445 regnum
936 3364 1146 3446 praeeunte
1177 3359 1331 3446 qursa

288 3471 332 3539 in
348 3467 451 3537 dues.
466 3469 649 3536 distribui
669 3464 864 3552 generales
886 3465 1042 3532 classes:
1065 3482 1143 3527 una
1168 3469 1337 3554 comple·

288 3572 409 3636 ctitur
440 3568 629 3635 animalia
655 3567 785 3631 minus
815 3567 1006 3648 perfecta,
1029 3568 1124 3649 qu'ae
1148 3565 1339 3650 sanguine

287 3669 551 3744 destituuntur
571 3674 686 3739 rubro
699 3693 710 3753 ;
723 3687 817 3758 quae
837 3673 1030 3738 musculos
1046 3671 1192 3736 habent
1212 3670 1337 3746 albos,

287 3785 356 3846 aut
375 3777 502 3844 minus
522 3777 660 3841 saltem
678 3776 867 3841 coloratos
880 3778 1035 3854 merent
1053 3776 1193 3839 sceleto
1214 3773 1339 3849 omni,

269 3883 327 3964 set
346 3873 517 3948 referunt
544 3895 714 3944 massam
744 3877 922 3952 mollem,
944 3877 1008 3941 vel
1030 3876 1197 3961 gaudent
1221 3876 1338 3940 scala·

286 3992 354 4066 to,
385 3984 638 4052 inarticulato
667 3987 823 4058 tamen,
854 3981 918 4046 vel
949 3980 1115 4064 denique
1153 3973 1338 4046 articula*-

286 4099 373 4160 tum
400 4087 621 4176 possident,
653 4083 696 4149 in
729 4087 876 4150 extima
899 4084 1068 4166 corporis
1087 4089 1198 4167 parte
1230 4081 1336 4146 loca-

288 4201 374 4262 tum
416 4193 615 4263 sceletone
647 4187 752 4254 deest
779 4187 854 4253 toti
883 4187 972 4250 huic
1008 4186 1122 4252 classi
1156 4186 1339 4250 columna

286 4295 550 4372 vertebram,
580 4289 681 4356 unde
721 4289 914 4356 animalia
941 4288 1038 4354 haec
1066 4290 1336 4356 Cuvierio

981 4493 990 4528 y
1274 4473 1285 4514 i
