2950 5002
322 391 340 429 ’“
364 395 568 460 Hrsrorui
588 392 898 461 ansroioornn
1113 423 1172 492 1⁰9
1285 421 1291 432 ·

122 539 187 605 nie
218 537 261 602 in
292 535 423 612 corde,
448 555 522 620 quo
556 535 660 602 calor
688 537 871 602 animalis
904 543 1100 612 evolvitur
1132 547 1171 616 et

126 661 245 707 cauea
274 629 456 706 ci'rcuitue
487 640 658 722 ponitur·
701 643 822 707 Causa
851 642 933 728 ejus
960 649 1173 718 fermenta⁴

125 745 253 811 tionis>
271 748 328 807 est
348 743 514 807 materia
535 742 814 821 subtilissima,
827 765 922 832 quae
942 772 986 815 err
1005 755 1173 822 elemen-

125 851 180 914 tis
199 848 319 933 primi
342 839 490 913 ordinis
511 847 722 926 conflatur,
747 855 785 915 et
808 854 984 920 aether
1004 863 1174 945 compel-

124 953 241 1018 latur.
285 951 460 1036 Digestio
482 967 549 1034 per
571 953 913 1022 fermentationem
940 975 1089 1046 quoque
1110 985 1174 1028 ac..

127 1057 250 1136 oidit3
272 1057 466 1121 evolvitur
494 1057 624 1122 autem
653 1057 724 1122 eub
759 1057 838 1120 ista
870 1059 1024 1128 acidum
1055 1068 1175 1152 quoda

125 1160 237 1244 piam
261 1179 368 1233 acre,
392 1157 494 1244 quod
513 1158 722 1226 ventriculi
742 1177 880 1224 nervos
901 1159 1035 1230 irritat
1058 1171 1096 1232 e‘t
1114 1173 1174 1234 fe-

128 1285 234 1330 mem
257 1263 411 1333 excitat.
455 1255 689 1327 secretionee
723 1257 904 1330 accidunt
930 1286 1000 1352 per
1021 1274 1175 1341 colato·
1246 1307 1251 1316 =

123 1367 209 1442 ria,
233 1384 329 1451 quae
354 1364 460 1481 Ιτίε
482 1363 725 1430 instruuntur
755 1365 937 1443 diversis,
959 1375 1174 1452 particulae

126 1470 263 1535 variae
283 1467 570 1552 magnitudinis
598 1461 834 1533 et'divereae
863 1469 1011 1557 figurae
1044 1482 1172 1546 tranei

126 1574 391 1639 mittentibus·
1179 1574 1181 1578 ’

599 1687 609 1716 6

210 1738 466 1823 Divulgatum
502 1731 581 1802 fuit
610 1727 874 1806 Carteiia'mir'n
905 1733 1078 1829 systema
1107 1760 1175 1836 pe'r

127 1860 247 1928 regna
277 1841 407 1918 varia,
441 1841 522 1904 imo
550 1840 673 1906 erexit
705 1841 801 1908 Abii.
823 1833 1051 1914 Bounntnoi·
1084 1855 1176 1940 1⁶51·

130 1946 173 2010 in
197 1943 328 2008 Gallia
351 1939 613 2020 academiam,
637 1963 732 2030 quae
765 1947 996 2014 Carteoii
1029 1953 1177 2046 disqui-

126 2049 250 2114 renda
269 2047 459 2114 habuerat
475 2047 684 2133 principia.
705 2076 748 2144 -ῥ
769 2050 977 2136 conjunxit
1000 2075 1085 2124 cum
1111 2075 1176 2151 o'ya

127 2160 292 2220 stemate
329 2151 404 2218 isto
442 2151 730 2238 mysticiemum
770 2149 850 2220 Nice
883 2157 1177 2236 Manendum

127 2253 330 2340 (monach.
351 2254 469 2318 Paris.
483 2257 505 2332 '†
530 2253 664 2339 1715·)‚
688 2252 754 2340 qui
775 2275 794 2320 e
815 2249 965 2342 figura,
989 2281 1083 2350 eque
1101 2272 1177 2334 sio·

128 2358 249 2422 citato
272 2362 309 2423 et
332 2356 570 2440 humiditate
591 2355 779 2420 fibrarum
802 2359 1056 2430 cerebralium
1066 2409 1079 2444 ‚
1093 2369 1177 2437 idea

127 2479 170 2526 as
187 2500 199 2538 ‚
219 2462 447 2546 pathemata
468 2464 506 2524 et
524 2465 831 2544 temperamenta
863 2461 1047 2532 deducere
1067 2455 1185 2538 vole·'
1210 2488 1213 2496 “

126 2564 210 2630 bat.
229 2597 269 2613 -
287 2563 467 2646 Maxime¹
484 2570 613 2631 autem
634 2564 737 2628 culta
758 2571 797 2630 et
821 2565 1048 2650 longissimo
1078 2580 1178 2642 tem*

130 2687 225 2750 pore
267 2671 419 2732 retenta
454 2648 534 2748 sitit
571 2667 802 2732 Carteeii
837 2661 1093 2758 philosophia
1132 2679 1175 2746 in
1233 2755 1236 2762 ,

128 2771 284 2856 Belgio,
307 2767 455 2842 licata.
478 2769 569 2852 1663.
595 2771 778 2836 ecclesiae
805 2773 964 2840 nomine
988 2776 1175 2848 damnata

127 2881 168 2938 et
209 2881 361 2938 strenue
394 2869 608 2940 interdicta
648 2873 778 2940 fuerit.
822 2877 1051 2947 Dimanavit
1083 2887 1176 2952 hinc

111 2960 282 3044 ·theoria
303 2967 472 3054 medica,
496 2997 592 3064 quae
611 2976 798 3044 derelicta
819 2984 1078 3064 experientiae
1099 2993 1176 3069 via,

128 3082 264 3146 omnia
282 3081 398 3167 ¹vitae
429 3099 611 3156 munera,
634 3067 842 3166 omnesque
876 3087 1029 3152 morbos
1052 3113 1071 3154 a
1102 3081 1193 3157 Pru-¹

127 3205 282 3251 morum
318 3173 501 3248 mistione
532 3189 569 3247 et
599 3182 726 3268 figura
761 3185 1075 3270 particularum,
1106 3212 1176 3282 per

126 3281 479 3363 immutationes,
518 3285 843 3354 effervescentiam
880 3299 918 3356 et
956 3293 1175 3365 detonatio⁴
1218 3323 1224 3329 ·

128 3415 238 3471 nem,
261 3415 401 3482 perque
423 3393 726 3486 destillationem
749 3401 787 3459 et
805 3399 1175 3482 praecipitationem

130 3497 342 3584 explicuit,
366 3504 478 3584 atque
508 3493 602 3562 adeo
634 3498 802 3562 maxime
833 3499 1016 3569 damnosa
1037 3488 1173 3575 eirasit.¹
1273 3521 1279 3532 ’

215 3662 258 3748 5)
279 3650 410 3726 Franc.
437 3661 595 3726 Srivw's
629 3659 684 3724 de
707 3652 756 3726 la
776 3655 869 3726 Boii
887 3665 1008 3752 (proh
1030 3671 1135 3740 Laid.
1157 3681 1174 3758 ’s

134 3760 251 3846 1672.)
281 3759 451 3846 systema
480 3759 657 3828 condidit
688 3755 932 3844 chemicum,
964 3774 1195 3861 principiie'

129 3861 734 3934 Helmontiieccartesii
756 3877 1173 3956 superstructum,'at-

70 3968 74 3976 '
134 3992 207 4057 que
231 3961 346 4050 novis
384 3971 503 4034 etiam
534 3970 812 4060 hypothesibus
836 3983 1174 4059 auctumeOmnia

130 4074 177 4137 in
198 4087 354 4158 corpore
384 4072 562 4138 accidunt
591 4095 659 4158 per
687 4065 1026 4148 fermentationem
1049 4083 1087 4152 et'
1118 4093 1173 4155 ef·
1247 4073 1250 4080 “

132 4176 448 4254 fervescentiam3
470 4175 511 4239 in
530 4175 667 4259 primis
687 4176 784 4252 viis,
807 4181 1023 4252 ubiisaliva
1041 4181 1079 4254 et
1099 4191 1172 4256 hu-

131 4298 218 4346 mor
237 4278 505 4362 pancreaticus
531 4275 660 4342 acidae
686 4277 829 4346 indolis
851 4287 1053 4394 oum'hilffi
1077 4311 1173 4380 quae
