2920 4998
270 391 275 404 ’
369 411 554 474 Νιτυιιιι
577 385 891 474 Corr'rurmrro.
1098 383 1103 390 ’
1130 435 1167 484 ιι

124 554 392 640 expanduntur
413 554 655 621 substantiae
675 556 723 621 ab
749 578 815 622 eo·
805 557 963 642 ‚ipsum
986 556 1076 622 (lain
1103 578 1170 645 gas

122 658 408 744 hydroganium
418 699 430 733 ,
446 657 547 741 quod
566 679 634 742 pro
655 660 885 745 purissimo,
895 659 1064 724 hucdum
1079 681 1167 780 cog·

123 762 210 826 nito
222 804 233 836 ,
255 761 421 825 habetur
440 762 635 846 principio
654 763 914 848 phlogicti'oo,
938 764 1042 838 inter
1065 743 1171 830 aeres

123 865 293 949 reliquos
320 864 489 928 maxima
522 870 578 929 est
611 885 841 951 expansum,
861 867 1068 931 minimam
1096 869 1168 931 ha·

124 971 193 1036 bet
222 970 491 1035 cohaesi-onem
505 1011 515 1046 ,
537 991 685 1034 summe
716 977 772 1035 est
803 971 968 1036 fluidum
991 977 1031 1040 at
1051 973 1171 1038 mini·
1276 999 1281 1010 ·

71 1105 77 1122 ·
124 1091 233 1140 mum
255 1061 375 1140 habet
396 1073 545 1156 pondus
571 1073 792 1158 specificum
814 1075 871 1164 a).

208 1215 416 1300 Principiis
437 1217 507 1280 his,
522 1216 691 1292 duobus,
715 1237 810 1312 quae
830 1220 875 1286 el
889 1241 956 1284 em
969 1241 987 1287 e
999 1224 1052 1284 nt
1063 1241 1113 1285 ar
1124 1193 1175 1292 ia

124 1341 170 1382 ex
193 1339 236 1384 eo
261 1319 462 1395 dicuntur,
485 1319 584 1403 quod
606 1321 774 1392 hucdum
796 1321 1096 1406 saltemreeolvi
1130 1327 1171 1398 in

117 1417 362 1487 'substantias
402 1422 619 1487 differentes
657 1443 736 1487 nou
777 1425 1007 1510 potuerint,
1041 1445 1172 1488 omnes

124 1527 374 1602 aeriformes,
396 1526 535 1600 fluidae
554 1533 591 1593 et
613 1526 756 1592 solidas
781 1529 989 1592 universae·
1007 1533 1171 1600 naturae
1267 1593 1272 1608 ,
1386 1521 1391 1530 '

123 1631 363 1696 substantias
386 1629 588 1716 componi,
609 1649 694 1692 cum
711 1647 853 1712 magna
873 1629 1060 1700 statuitur
1080 1648 1170 1712 pro-

120 1722 346 1804 babilitate.
390 1735 432 1798 ld
453 1741 581 1800 autem
602 1741 789 1821 tanquam
813 1741 958 1802 certum
982 1733 1171 1820 comperi·

123 1861 231 1915 mus,
252 1837 448 1922 principia
471 1859 514 1901 ea
537 1827 710 1902 maxima
731 1840 778 1902 ad
800 1839 968 1902 invicem
996 1838 1091 1906 ferri
1111 1841 1170 1902 at·

121 1942 342 2023 tractione,
360 1943 473 2024 atque
503 1937 749 2006 adfinitatem
776 1941 991 2022 chemicam
1018 1929 1060 2004 in
1081 1936 1171 2003 aub-

120 2043 284 2110 'stantiis
308 2041 470 2106 diversis
498 2064 542 2105 ea
563 2043 815 2126 proportione
845 2043 1078 2124 increscere,
1098 2060 1175 2126 qua

32 2209 34 2218 s
126 2151 320 2218 elementa
350 2165 394 2208 aa
415 2140 458 2207 in
487 2145 536 2210 iis
565 2144 815 2230 praevalent,
839 2164 882 2208 ac
917 2163 1071 2208 omnem
1096 2143 1173 2206 dif-

123 2255 335 2328 ferentiam
354 2256 568 2320 chemicam
593 2255 685 2320 solis
711 2253 898 2316 duntaxat
921 2248 1111 2350 oxygonio
1135 2253 1173 2314 et
1222 2259 1226 2270 ‘

122 2357 408 2424 'inflammabili
438 2357 544 2444 poni.
588 2357 645 2422 Ad
671 2357 855 2423 unionem
886 2355 979 2430 hipc
1002 2354 1173 2422 maxime
1249 2380 1255 2392 ·

25 2477 26 2480 ’
125 2461 294 2527 tendunt
328 2460 640 2536 substantiae,
629 2481 671 2522 m
704 2460 841 2546 quibus
875 2457 1107 2544 oxygonium
1135 2461 1174 2518 et
1219 2443 1226 2464 ⁸

125 2564 413 2656 hydrogenium
453 2560 831 2646 praedominantur,
867 2578 940 2644 quo
974 2553 1173 2621 acidorum

126 2671 178 2736 ad
198 2667 435 2737 substantiae
454 2655 604 2734 basicas
627 2663 863 2752 intelligitur
880 2657 1063 2726 adfinitas
1084 2659 1173 2725 che·

127 2795 243 2842 mle&

129 2906 134 2992 ss
213 2928 264 2991 Eo
291 2931 419 2990 autem
439 2923 568 2998 tandit
588 2923 872 3008 principiorum
894 2915 1090 3004 palariam
1112 2915 1172 2978 ata

128 3031 293 3106 tractio,
314 3037 358 3095 ut
384 3031 484 3094 viras
517 3029 778 3104 contractivae
801 3033 838 3096 et
863 3022 1093 3108 expansivae
1116 3039 1174 3081 aa·

128 3138 212 3198 met
245 3123 393 3204 elidant
427 3129 478 3214 (t
500 3131 591 3218 4⁰)
579 3150 695 3228 mque
723 3126 1016 3215 aequilibrium
1023 3141 1173 3207 ponam.

128 3239 194 3298 tur
213 3273 224 3307 ,
260 3253 333 3322 quo
368 3220 543 3302 obtento
563 3235 668 3319 quiea
698 3231 889 3306 enascitur
918 3224 971 3312 (ς.
994 3226 1025 3290 6
1046 3245 1082 3288 ιι
1105 3223 1173 3310 α..)

129 3327 327 3401 conatur
320 3339 465 3428 quippe
484 3337 715 3423 oxygenium
737 3329 1020 3404 inflammabile
1039 3327 1174 3393 devin-

129 3460 235 3516 cere,
260 3445 298 3505 et
319 3443 512 3508 adnititur
540 3443 613 3506 hoc
643 3439 741 3505 illud
768 3439 843 3504 sibi
873 3435 1081 3520 subjicere:
1104 3431 1173 3497 ubi
1201 3427 1206 3436 ’

129 3547 302 3630 primum
335 3533 498 3625 accidit,
525 3544 764 3610 substantiae
794 3539 1109 3627 oxydantur3
1138 3535 1174 3600 ai

94 3709 97 3725 .
130 3659 261 3715 autem
279 3645 1022 3741 inflammabilapraevalet,eubstantiae
1043 3641 1171 3720 deso·
1265 3721 1269 3740 Ι

132 3751 411 3840 xydantur3
443 3755 511 3828 ubi
540 3779 630 3828 vero
669 3753 953 3843 principiorum
984 3748 1085 3812 vires
1114 3767 1172 3809 ee·

129 3868 212 3926 met
232 3861 404 3938 elidunt,
428 3861 646 3930 substantia
671 3857 845 3923 nascitur
865 3849 1006 3934 tertia,
1025 3848 1074 3915 ad
1096 3848 1171 3926 ala·
1221 3869 1223 3880 ¹

25 3979 26 3984 ’
129 3966 264 4027 menta
280 3963 434 4046 poloria
460 3959 814 4040 indifferens.·

216 4106 315 4188 Quia
331 4112 463 4170 tamen
486 4103 718 4189 oxygonium
743 4107 779 4166 at
805 4097 1084 4186 phlogisticum
1098 4113 1175 4159 va·

131 4208 195 4278 ria
214 4211 334 4306 semet
352 4211 555 4274 attrahunt
572 4205 844 4304 proportione,
866 4205 941 4278 ita,
960 4203 1004 4263 ut
1014 4198 1172 4278 viribus
1277 4258 1280 4269 ,
1376 4247 1379 4254 .

131 4311 246 4376 unius
266 4299 333 4400 per
353 4312 454 4380 vires
479 4310 639 4381 alterius
656 4308 804 4420 ferma
794 4327 873 4391 Jam
890 4300 1103 4380 mutatis,
1098 4298 1172 4366 ali·¹

1008 4599 1016 4634 l
