2920 4998
359 359 546 424 Nerones
567 337 882 433 conramiaarro
956 437 961 445 ,
1120 373 1159 449 13

118 531 127 543 ›
176 501 309 559 chemise
327 503 452 571 unitur,
468 504 614 560 mansit
605 521 637 558 ιιι
657 518 786 607 aqnam,
807 505 976 578 spissantur
1004 508 1071 564 olea
1087 512 1152 584 pin-

176 589 248 664 guia
263 601 293 645 et
308 591 463 656 aetherea
472 593 511 649 ah
536 579 641 648 eodem
646 592 832 667 principio,
851 603 881 648 et
910 603 1079 652 transeunt
1092 608 1160 663 tan

178 679 276 734 dem
268 697 299 734 ιιι
320 681 460 736 materias
472 681 617 752 solidas,
637 681 822 737 substantiae
837 673 976 739 volatiles
994 685 1031 740 ab
1059 703 1094 743 eo
1122 689 1154 742 fi

117 781 121 790 ’
173 777 299 842 santur,
319 778 399 829 utv.
418 786 446 842 g.
461 769 643 824 ammonium
665 787 732 824 cum
754 767 850 827 acidis
877 772 1030 844 junctum
1048 776 1157 832 minui·

117 881 122 894 ·
174 869 229 926 tur
247 857 377 932 deniquo
399 875 560 934 corporum
582 859 810 935 expansibilitas
829 879 886 936 per
909 861 987 919 idem
1006 867 1155 941 principi.

179 965 247 1024 um„
267 958 301 1004 ιιι
318 947 351 1004 in
367 945 469 1020 oxydis
491 947 701 1017 metallorum,
721 946 886 1010 difficulter
909 952 1090 1022 fundendis,
1109 957 1151 1010 vi·

183 1038 298 1096 demus.
340 1081 343 1089 .
372 1093 378 1106 ,

116 1193 119 1200 v
212 1168 242 1235 a)
262 1163 474 1221 inflammahile
494 1155 679 1241 prinoipium
694 1164 812 1220 viribus
836 1165 1005 1240 capessivit
1023 1168 1155 1226 abunda·

177 1274 231 1322 re,
255 1265 285 1310 ot
306 1256 510 1318 materiarum,
526 1271 637 1328 augere
666 1255 898 1328 expansionem,
925 1273 1029 1312 omnes
1058 1269 1156 1316 osten·

178 1343 470 1409 duntsubstantiae,
486 1342 518 1396 in
534 1342 644 1412 quibus
661 1339 877 1414 hydrogenium
895 1345 1160 1417 praedominatur:

178 1441 253 1498 suut¹
267 1429 346 1482 enim
361 1428 485 1483 maxime
507 1428 646 1484 volatiles
670 1440 700 1483 et
719 1429 834 1484 minimi
860 1430 982 1484 relativi
1007 1433 1155 1502 ponderis

166 1509 415 1587 ·(aloohol'vini,
434 1514 589 1586 aethereo,
607 1516 674 1570 olea
698 1516 838 1572 aetherea
860 1517 955 1586 etc.);
975 1515 1057 1592 ipsae
1082 1517 1153 1574 dein

179 1605 365 1662 subitantiae
385 1605 458 1659 lixae
477 1621 533 1678 per
551 1619 703 1660 secessum
723 1605 901 1680 hydrogenii
925 1607 1065 1666 volatiles
1087 1609 1154 1664 red·

178 1696 311 1774 duntur,
329 1703 364 1748 ut
377 1694 463 1749 acida
479 1693 640 1750 ostendunt
656 1694 688 1749 in
702 1694 840 1765 aetheree
860 1701 983 1750 mutata·

210 1823 250 1894 b)
265 1823 331 1878 Non
354 1832 454 1895 potest
481 1822 574 1900 igitur
598 1799 731 1895 unquam
761 1820 932 1878 absolutum
959 1825 1158 1882 salutationis
1268 1879 1271 1890 ,
1296 1829 1299 1836 ’

176 1912 374 1972 determinari
397 1921 554 1986 punctum.
592 1912 638 1982 (1.
665 1908 868 1970 witsant:
890 1912 1086 1972 Prolusiones
1115 1914 1155 1972 eil

178 2001 323 2058 :herniam
339 1993 452 2054 o'oeculi
468 1997 575 2056 docimi
593 1998 677 2055 noni.
713 1995 820 2058 ausae·
846 2000 922 2056 atino.
942 2018 974 2074 p.
993 2000 1050 2070 ιθ.)

588 2181 618 2254 §-
661 2183 693 2245 a.

160 2325 173 2362 l
365 2355 593 2444 Ener'gia
623 2358 914 2448 d'ynarni'ca.

190 2509 323 2576 Omnis
346 2507 511 2595 quidem
534 2504 729 2570 materiae
760 2505 946 2590 energia,
974 2526 1048 2591 qua
1072 2505 1157 2592 ipsa
1234 2580 1237 2594 ‚

110 2613 248 2678 existit
283 2616 321 2674 et
355 2612 627 2694 phaenomena
657 2608 841 2682 suscitat,
874 2607 1010 2670 stricto
1043 2629 1156 2676 sensu

15 2757 17 2762 ·
109 2717 319 2822 dynamita
342 2721 419 2793 est,
447 2722 612 2805 suntque
631 2718 733 2783 vires
765 2725 804 2783 et
832 2716 1001 2784 materia
1022 2698 1156 2780 hacte-

105 2843 177 2890 nus
205 2823 380 2907 junctae,
408 2825 453 2883 ut
476 2840 555 2884 una
582 2821 671 2885 sine
703 2819 829 2886 altera
856 2812 1020 2886 existere
1047 2821 1157 2883 nullu

70 3009 75 3028 ι
107 2931 232 3016 possit
264 2925 393 2990 modo.
437 2925 577 2990 Omnis
612 2932 814 3008 praeterea
843 2928 971 3003 actio,
1001 2926 1053 2989 sit
1085 2925 1157 2989 illa
1268 3003 1270 3012 Ι
1344 2986 1350 2997 ,

106 3033 336 3101 mechanica
355 3033 427 3093 aut
444 3029 638 3107 chemica,
663 3036 771 3095 motu
793 3031 969 3116 jungitur
993 3032 1045 3112 (ς.
1065 3031 1096 3094 6.
1117 3051 1154 3093 ιι.

107 3141 185 3227 a),
208 3137 378 3221 adeoque
394 3133 541 3198 virium
558 3127 729 3199 involvit
749 3134 889 3228 lusum.¹
912 3159 917 3214 χ
930 3133 1072 3198 Effectu
1095 3139 1156 3198 ta-

106 3267 194 3310 men
219 3241 401 3308 differunt
421 3239 592 3304 actiones
619 3241 740 3306 istae:
761 3249 929 3324 namque
954 3237 1157 3303 mechani.

108 3363 173 3416 cae
194 3349 367 3414 actiones
388 3343 576 3412 materiae
598 3349 636 3408 et
659 3356 863 3428 corporum
884 3347 1038 3406 tantum
1058 3341 1158 3428 figur

107 3467 218 3553 rama¹
249 3453 398 3515 intacta
425 3454 470 3512 ut
493 3447 708 3533 plurimum
739 3441 950 3534 qualitate,
979 3453 1157 3522 mutant,
1242 3523 1245 3532 Ἰ

107 3567 193 3624 cuin
226 3555 420 3621 chemicae
443 3553 613 3618 actiones
640 3547 828 3618 materiae
863 3551 1087 3621 mistionem
1120 3558 1160 3614 et
1182 3626 1194 3648 ,Ι
1274 3607 1279 3629 ,
1356 3543 1358 3550 ’

107 3663 315 3751 qualitates
340 3658 571 3724 convertunt
590 3658 642 3744 (ι.
662 3657 729 3743 7.).
746 3659 802 3723 Ab
823 3659 910 3723 istis
928 3659 1058 3722 autem
1079 3657 1158 3720 dis*

103 3757 183 3834 iert
216 3758 426 3854 ‹lynarnica
449 3763 551 3826 actio
586 3773 682 3851 quae
706 3763 1010 3836 immediatum,
1043 3763 1086 3824 ut
1115 3761 1159 3826 in

104 3869 342 3937 mechanicis
364 3863 401 3930 ot
420 3865 607 3931 chemicis
632 3865 890 3933 necessarium
924 3882 1074 3946 semper
1100 3867 1158 3928 ast

103 3975 347 4049 actionibus,
370 3972 476 4036 hand
496 3966 662 4057 requirit
689 3975 922 4036 contactum.
942 3999 985 4018 -
1006 3966 1093 4030 Ea
1081 3967 1158 4051 agi-

102 4090 166 4153 tur
194 4071 403 4175 peculiaris
437 4097 565 4144 rerum
593 4075 833 4148 naturalium
862 4077 1050 4152 facultas,
1082 4085 1160 4164 qua
1211 4166 1214 4173 Ι

71 4209 74 4216 ’
101 4187 145 4251 in
170 4207 210 4251 se
232 4191 403 4270 mutu0,
411 4185 495 4248 sine
516 4183 726 4247 contactu
715 4201 859 4246 imme
874 4179 1043 4256 dieto,
1066 4199 1156 4264 age·

103 4309 144 4355 re
166 4295 205 4353 et
221 4289 367 4357 virium
385 4287 679 4372 primitivarum
701 4285 977 4372 aequilibrium
1003 4292 1156 4368 pertur-

1259 4314 1270 4358 l
