2936 4998
368 357 478 420 secr.
501 355 546 419 11.
568 355 626 420 Da
651 367 979 425 snnsssrnrrsrr.
1153 370 1217 450 sto

171 517 320 584 organa
339 496 588 582 digestionis,
612 497 794 565 circuitus
816 500 1215 590 sanguinis‚respira·‚
1280 585 1285 592 ,

171 604 293 668 tionis
321 607 360 666 et
373 602 655 665 sacrationum.
700 603 783 666 Non
817 607 950 666 tamen
978 606 1120 692 ubique
1144 629 1218 695 sy.

168 696 337 772 stemate
356 705 451 768 haec
476 704 648 767 adunius
665 705 771 769 vitae
786 724 933 790 organa
953 709 1211 796 restrictape·

167 809 274 874 nitus
294 815 407 889 sunt;
435 809 579 872 etenim
599 810 813 878 tenebrales
833 815 944 879 nervi
974 835 1103 880 ramos
1133 831 1212 880 sae·

144 913 404 998 ‘pemittant
423 912 472 976 ad
494 909 721 996 glandulas,
752 912 800 978 ad
832 919 1026 982 musculos
1057 919 1212 1003 ergani-

170 1035 231 1079 cos
254 1022 347 1082 eto·
315 1059 347 1096 .,
371 1016 617 1100 gangliorum
640 1020 771 1082 autem
803 1019 914 1084 nervi
938 1062 949 1098 ,
978 1021 1045 1108 qui
1074 1021 1213 1106 guber
1283 1086 1287 1094 ,

168 1120 343 1186 nandam
364 1120 508 1206 ubique
533 1119 680 1184 habent
705 1121 1021 1205 reproductivam
1050 1127 1211 1227 vitam,

172 1229 261 1290 cum
292 1226 483 1290 arterioso
508 1232 739 1321 systemate,
762 1227 825 1290 cui
847 1229 1122 1312 implicantur,
1143 1251 1214 1314 pec

168 1345 301 1393 omnes
318 1330 489 1394 universi
511 1330 682 1413 corporis
705 1330 995 1398 distribuuntur
1024 1339 1168 1420 partes

255 1487 357 1576 ,llum¹
372 1487 535 1544 BICHllT:
550 1486 602 1542 all.
619 1487 707 1545 Anat.
724 1489 747 1544 1.
768 1502 902 1562 r.p.191.
918 1505 964 1564 sq.

634 1689 665 1760 s·
695 1689 759 1758 st·
792 1739 797 1756 ,
854 1651 857 1660 ’

345 1869 355 1882 ’
406 1889 684 1954 liervorum
707 1885 969 1960 vitalitas.

244 2051 422 2118 Possidet
442 2071 653 2121 nervorum
673 2061 843 2140 systema
863 2053 926 2122 'ob
947 2055 1211 2141 peculiarem,

98 2199 101 2210 ι
164 2154 318 2240 sibique
339 2154 414 2218 soli
434 2159 590 2218 tantum
623 2147 823 2239 p'ropriam
850 2160 1209 2242 organisationem,

163 2279 251 2332 eam
267 2258 413 2324 virium
432 2257 779 2353 informationem,
798 2279 874 2346 qua
895 2281 1014 2344 capax
1031 2262 1209 2330 redditur

160 2367 215 2432 ad
236 2362 478 2447 recipiendas
501 2362 802 2445 impressiones,
820 2384 844 2427 a
861 2364 988 2430 causis
1007 2364 1222 2455 meabant-p
1298 2405 1302 2412 -
1407 2337 1412 2376 ³

164 2474 240 2548 cis,
266 2469 451 2535 chemicis
473 2475 513 2532 et
539 2467 758 2552 dynamicis
789 2468 834 2552 (ς.
867 2469 936 2553 70.)
972 2469 1209 2552 suscitatas,

157 2583 295 2663 estque
326 2595 372 2638 ea
398 2573 479 2655 eius
521 2573 746 2657 systematis
784 2573 993 2657 peculiaris
1034 2579 1201 2666 natqra,

164 2679 268 2767 quod
286 2674 441 2741 omnem
468 2676 545 2740 sibi
573 2675 729 2740 illatam
758 2676 1021 2740 mutationem
1049 2695 1205 2742 summa

162 2803 252 2848 cum
277 2781 478 2847 celeritate
506 2777 555 2842 ad
580 2784 686 2843 certa
716 2793 952 2864 propagare
968 2779 1067 2844 sciet
1096 2779 1209 2861 loca,

159 2895 388 2974 nullamque
409 2886 598 2966 admittat
626 2886 838 2969 partialem
874 2885 1203 2966 concitationem,
1260 2881 1262 2887 ’

160 3011 298 3058 verum
313 2991 455 3055 omnia
475 2989 596 3050 totius
623 2988 834 3070 organismi
856 2991 898 3051 in
928 3009 1048 3052 unum
1082 2990 1206 3076 dyna-

158 3095 257 3163 mice
282 3093 416 3176 jungat
455 3109 608 3171 organa.
651 3091 885 3157 Mutationss
926 3093 1069 3184 igitur,
1100 3113 1202 3178 quae
1295 3147 1297 3152 ,

54 3231 57 3236 ·
157 3196 412 3288 periphericis
443 3193 679 3258 inducuntur
710 3193 964 3258 cerebralium
996 3214 1206 3262 nervorum

159 3302 371 3375 terminis,
403 3304 602 3362 momento
635 3296 747 3362 citius
777 3298 827 3361 ad
866 3301 1083 3376 cerebrum,
1115 3305 1203 3364 tan-

160 3428 276 3495 quam
298 3399 508 3468 centralem
529 3400 647 3484 huius
677 3402 901 3488 systematis
924 3403 1074 3478 locum,
1098 3397 1205 3466 dess-

155 3517 319 3584 runtur‚
342 3507 542 3592 ipsamque
562 3505 858 3581 conscientiam,
881 3507 950 3571 ubi
973 3507 1103 3570 omnia
1123 3505 1201 3570 sihi

156 3611 412 3700 respondent,
424 3615 601 3690 mutant,
615 3614 654 3673 et
675 3615 824 3693 ponunt
842 3631 950 3674 sens
965 3609 1072 3674 atio
1084 3631 1110 3688 n
1122 3627 1202 3672 em.

157 3721 214 3784 Ob
236 3720 352 3810 istam
372 3732 466 3798 ergo
482 3712 644 3777 vitalem
666 3711 862 3795 energiam
886 3711 996 3778 nervi
1019 3698 1200 3775 dicuntur

61 3841 63 3846 ’
156 3796 463 3914 sensibiles,
487 3834 553 3877 seu
586 3814 647 3879 ita
677 3803 914 3903 comparati,
937 3819 981 3878 ut
1013 3814 1195 3878 stimulo

153 3944 242 3992 rum
270 3917 427 3988 effectus
445 3943 468 3986 a
486 3919 569 3982 loco
591 3917 785 3982 concitato
815 3919 857 3983 vi
878 3916 1060 3982 sentienti
1075 3907 1199 3996 (ani

154 4025 266 4114 mae)
298 4025 439 4089 referre
468 4022 526 4086 ita
555 4019 702 4098 sciant,
726 4042 799 4108 quo
828 4021 997 4085 sensatio
1028 4024 1195 4110 ponatur

154 4126 200 4191 in
218 4125 380 4190 centrali
394 4125 507 4208 polo,
521 4142 563 4186 ac
584 4124 666 4187 loco
678 4164 689 4198 ,
701 4123 885 4206 primitus
907 4121 1109 4186 stimulato
1132 4112 1200 4202 ope

153 4230 296 4316 posito.
341 4231 433 4293 Cum
462 4228 584 4314 igitur
624 4228 700 4312 ipsi
730 4227 834 4294 haud
863 4226 1032 4292 sentiant
1066 4224 1198 4302 nervi,

191 4346 427 4422 snsnosssr
445 4353 616 4440 Physiol,
637 4351 736 4436 med.
749 4349 828 4427 vol,
850 4351 878 4434 1,
995 4351 1026 4434 't’
