2920 4998
361 412 493 480 srunrr
513 407 784 476 Parsrococrcr
803 413 1044 496 Muraenae.
1166 435 1210 501 37
1249 467 1263 494 .

167 556 464 656 ohservatorum
483 555 672 648 relatione
682 596 694 632 ,
707 555 1030 632 sine'commentis
1042 561 1080 622 et
1097 567 1210 646 prae·

94 685 97 704 ¹
169 661 364 744 conceptis
397 659 674 743 opinionibus,
713 659 992 746 experientiam
1021 682 1109 727 vere
1141 681 1208 726 eu-

167 769 319 832 xerunt.

191 903 194 912 *
234 889 334 972 ult
349 905 629 981 eruditionem,
653 924 749 992 quas
771 922 841 989 pro
861 897 1129 992 physiologice
1149 927 1210 971 re·
1234 907 1256 935 ·’

170 1011 341 1098 quiritur
362 1030 497 1092 scopo,
518 1009 559 1073 in
580 1009 704 1092 specie
729 1009 1035 1094 consideramus,
1058 1029 1211 1092 compe-

168 1114 292 1178 rimus
312 1113 540 1196 disciplinas
562 1111 750 1194 plurimas
771 1130 856 1174 cum
876 1117 1009 1178 nostra
1027 1111 1212 1202 hactenus

144 1202 150 1218 ’
169 1213 281 1301 jungi
300 1210 494 1286 doctrina,
514 1217 557 1275 ut
577 1209 660 1274 sine
681 1211 762 1275 illis
794 1211 920 1276 nullos
942 1214 1057 1296 plane
1086 1216 1212 1280 facere

171 1335 394 1401 progressus
430 1301 646 1378 ¹valeamus.
699 1314 802 1396 Quae
842 1315 982 1382 autem'
1007 1317 1103 1382 haec
1132 1318 1213 1384 sint
1252 1291 1260 1310 ’
1334 1363 1341 1394 ,

169 1420 385 1506 praesidia,
406 1438 508 1486 nunc
528 1417 740 1483 videamus.
1228 1405 1234 1426 ‘

262 1659 368 1814 3321..
386 1661 539 1722 num&
556 1663 818 1756 Aufengsgriinde,
833 1665 888 1722 der
907 1617 1109 1740 Physioiogis.
1130 1665 1155 1730 1.
1178 1669 1214 1746 μ’.

242 1765 260 1808 ι
332 1767 394 1823 ²9⁹·
924 1783 928 1790 ·

637 1953 668 2024 §-
711 1964 764 2015 aa.

236 2082 593 2218 Philosophia.
624 2085 885 2198 Mathesis.
916 2133 1145 2225 Physica.

187 2295 191 2304 ’
257 2299 478 2382 Sapientiae
499 2279 539 2364 id
560 2299 753 2378 studium,
766 2318 839 2385 quo
861 2301 1009 2383 optime
1029 2302 1218 2369 informa·

44 2434 51 2452 ·
168 2382 262 2472 ‘mur
273 2442 284 2476 ,
307 2402 476 2486 qualiter
497 2403 697 2468 intellectu
718 2407 756 2465 et
775 2403 926 2465 ratione
947 2404 999 2467 sit
1019 2403 1219 2476 utendum,

174 2509 219 2567 ut
244 2506 426 2571 veritates
449 2524 625 2569 eruamus
652 2508 689 2568 et
719 2490 860 2583 realem
883 2523 1010 2568 rerum
1040 2503 1219 2569 obtinea·

174 2625 259 2671 mus
285 2598 556 2690 cognitionem,
569 2605 817 2688 disciplinam
838 2606 1027 2674 medicam
1046 2611 1084 2670 et
1105 2617 1220 2692 quas-

172 2711 234 2776 vis
258 2711 438 2776 scientias
460 2711 654 2776 naturales
673 2710 894 2794 praecedere
919 2709 1130 2776 necessario
1157 2707 1220 2770 de-

172 2815 251 2880 het.
294 2813 375 2878 Nisi
404 2817 507 2880 enim
539 2820 707 2878 mentem
747 2815 955 2880 habeamus
985 2815 1222 2899 philoso-

174 2917 261 3004 phi
277 2937 328 2980 ce
352 2916 563 2991 excultam,
587 2915 871 2980 observationes
890 2917 1054 2981 -debitas
1077 2937 1222 3000 capere,

175 3019 439 3102 experimenta
476 3017 549 3080 rite
584 3017 820 3096 instituere,
849 3019 1125 3103 experientiam
1158 3041 1222 3083 ve·

157 3129 262 3191 'ram
293 3142 450 3206 augere,
472 3122 734 3206 hypotheses,
758 3122 956 3204 opiniones
987 3129 1025 3188 et
1052 3123 1223 3188 theorias
1316 3155 1330 3182 κ

177 3224 308 3323 uarias
330 3225 502 3309 apposite
521 3225 732 3307 dijudicare
753 3223 858 3290 haud
876 3227 1062 3292 valemus.

258 3377 312 3440 Ea
351 3357 486 3440 autem
519 3370 769 3456 philosophia
815 3373 1081 3454 amplectenda
1112 3370 1227 3439 nobis
1339 3432 1352 3456 ,

176 3483 253 3552 est,
277 3496 372 3563 quae
401 3478 552 3541 scholae
572 3479 673 3542 nulli
708 3475 882 3552 addicta,
904 3474 946 3538 id
968 3476 1100 3560 seligit
1123 3476 1227 3540 etin

180 3600 293 3646 usum
322 3565 486 3647 rationis
517 3581 728 3657 convertit,
753 3579 851 3665 quod
882 3581 1127 3664 perspicuum
1145 3583 1228 3664 est,

185 3690 225 3749 et
242 3702 373 3750 veram
393 3681 541 3769 promit
563 3687 790 3750 utilitatem.
832 3685 910 3749 Hac
931 3683 1036 3747 enim
1055 3681 1229 3772 selahi·
1269 3718 1288 3730 -ι

179 3791 430 3854 storicam
451 3790 812 3872 ete'mpiricam
840 3786 1227 3860 certitudinem,

180 3876 297 3981 quam
316 3894 358 3957 in
379 3890 626 3978 physiologia
645 3897 861 3974 exspectare
891 3895 1061 3955 tantum·
1085 3893 1124 3952 et
1148 3907 1230 3950 am-

149 3981 264 4061 ⁶hire
286 3996 401 4071 licet,
426 3995 707 4079 consequimur.
738 3995 943 4087 Praecepta
963 3992 1085 4076 igitur
1106 3989 1231 4055 histo·
1302 4044 1304 4050 .
1422 4075 1425 4083 .

178 4097 262 4162 rica
285 4103 322 4161 et
340 4119 403 4174 aa,
427 4118 522 4184 quae
541 4117 633 4162 vera
662 4117 730 4160 nos
755 4095 862 4161 docet
897 4093 1159 4179 experientia,
1182 4091 1233 4158 ad

177 4199 325 4286 logicae
351 4201 537 4270 scientiae,
563 4200 714 4284 regulas
741 4206 779 4266 et
813 4199 969 4265 criticae
994 4197 1092 4262 artis
1130 4197 1232 4282 leges

179 4307 357 4391 coaptare
377 4311 419 4377 at
438 4310 634 4391 explorare
657 4310 807 4392 oportet
818 4345 830 4384 ,
852 4314 897 4372 ut
925 4326 989 4384 ea,
1013 4322 1109 4400 quae
1129 4299 1234 4404 certe
1322 4298 1324 4303 ’
1416 4355 1426 4374 .
