2950 5002
150 415 152 420 '
273 425 747 528 fcss.1.lnxoxnasso
784 435 1037 498 anxnnxnss‘
1148 439 1206 506 182

160 593 187 639 n
199 591 259 656 on
281 575 488 640 vertebr
503 580 587 638 ata
606 572 799 638 dicuntur.
823 575 969 642 Classisa
981 579 1105 643 altera
1123 580 1208 644 ani-

160 679 285 742 malia
313 679 584 762 complectitur
620 678 746 762 magis
777 681 979 763 perfecta:
1005 683 1209 765 possident

160 785 257 848 haec
282 783 536 848 articulatum
566 788 605 847 et
632 783 851 857 internum,
872 785 1054 852 carnibus
1083 789 1207 853 vesti·

160 891 248 982 tum
274 888 462 966 sceleton3
490 886 637 950 habent
666 887 896 976 sanguinem
922 889 1109 980 ¹rubrum,
1139 890 1208 976 qui

153 991 205 1072 'in
223 1011 351 1056 serum
373 995 412 1056 et
432 1009 608 1056 cruorem
630 987 797 1069 recedit3
810 989 975 1077 denique
995 995 1208 1068 sustinetur

160 1113 295 1178 eorpus
313 1093 888 1182 vertebrarumscolumna‚quaa
909 1083 1084 1165 verteb
1097 1121 1115 1168 t·
1127 1105 1211 1170 ata

162 1198 398 1264 Cuvierio
420 1196 687 1264 nominantur.

538 1369 819 1396 Μ

263 1485 304 1543 G.
332 1485 492 1544 cuvmn:
511 1485 725 1558 Vbslesungen
743 1487 821 1544 tiber
841 1483 1075 1560 verglsiehemls
1096 1485 1206 1542 Anate-

230 1577 302 1668 mie.
318 1576 344 1634 1.
357 1595 390 1653 p.
407 1595 451 1651 sp.
465 1593 513 1654 sq.
527 1607 564 1623 -
577 1575 822 1635 TREVIRANUS
845 1578 867 1634 1.
885 1595 911 1634 e.
928 1576 952 1633 1.
971 1593 1002 1651 p.
1021 1576 1151 1653 175·.sq.

236 2041 238 2046 Ι
289 1949 1088 2024 Animaliaclassisinferioris.

249 2113 446 2179 Recedunt
469 2111 660 2176 animalia
686 2112 815 2179 minus
844 2111 1018 2197 perfecta
1047 2109 1090 2185 in
1122 2106 1216 2174 duas

169 2215 306 2292 series,
331 2236 427 2303 quae
447 2215 577 2281 varias
600 2209 743 2283 itanum
766 2215 951 2281 exhibent
973 2215 1111 2280 classes
1142 2231 1213 2278 na·

164 2317 323 2413 tui-ales.
367 2311 667 2401 comprehendit
707 2315 822 2408 series
853 2311 983 2400 prima
1024 2313 1217 2379 animalia

167 2445 236 2498 ea,
260 2441 356 2510 quae
385 2423 577 2487 minorem
600 2422 810 2508 perhibent
837 2420 1091 2507 perfectionis
1130 2439 1238 2506 gra·-

168 2523 282 2600 dum,
307 2543 402 2610 quae
433 2523 617 2609 pauciora
644 2521 792 2602 habent
818 2527 856 2589 et
879 2522 1008 2586 minus
1030 2516 1218 2586 differen-

166 2627 228 2692 tia
248 2613 413 2710 organa,
437 2643 674 2716 quorumque
699 2625 855 2713 sanguis
877 2630 916 2690 et
937 2621 1106 2690 musculi
1134 2621 1218 2688 albi

168 2730 418 2819 potissimum
438 2735 528 2796 sunt
546 2729 697 2797 coloris.
726 2785 736 2796 .

237 2893 297 2980 u)
330 2893 511 2959 Inferiori
537 2893 654 2961 seriei
683 2892 988 2958 adnumerantur
1015 2908 1218 2956 vermes
1324 2933 1326 2937 s

171 3003 212 3072 et
235 2999 514 3073 mollusca,
538 3017 701 3084 quorum
724 3000 919 3087 structus-a
939 2995 1106 3081 simplex
1138 3015 1220 3061 cer·
1269 3059 1273 3070 ‚
1334 3055 1336 3060 .

170 3099 302 3174 nitur,
326 3117 563 3185 quorumque
582 3098 763 3164 materies
783 3097 1026 3180 homogenea
1040 3096 1161 3160 ferme
1182 3103 1221 3163 et
1253 3131 1254 3138 κ

173 3203 307 3270 mollis
338 3201 612 3268 consistentiae
643 3205 711 3264 est.
762 3199 945 3282 Magnam
973 3197 1048 3262 bae
1082 3195 1222 3263 classes

173 3308 373 3394 possident
402 3303 715 3391 reproductivam
746 3304 851 3384 vim3
872 3308 1003 3389 partes
1034 3302 1222 3390 genitales

141 3463 145 3471 .
174 3410 304 3474 minus
325 3416 415 3475 sunt
434 3409 633 3484 evolutae,
657 3413 696 3472 et
717 3405 902 3472 accedunt
925 3391 1141 3493 plurimum
1173 3403 1241 3480 ad.

176 3511 417 3600 organismos
434 3517 705 3600 cryptogamos
725 3506 778 3594 (ς.
799 3511 882 3593 4ο.).
1279 3497 1293 3514 “

275 3707 278 3724 =
304 3673 348 3760 a)
370 3675 430 3741 Va
445 3695 513 3741 rm
527 3697 594 3740 es:
619 3659 817 3762 cerebrum
850 3668 1027 3756 nullum
1050 3672 1225 3740 medulla

201 3790 203 3795 ’
258 3780 425 3866 spinalis
444 3779 633 3865 simplex,
655 3801 793 3846 nervos
824 3778 1013 3868 sadiatim
1034 3775 1225 3858 mittansg

154 3941 156 3946 ,
263 3877 422 3966 ganglia
440 3881 483 3947 in
500 3882 632 3965 paucis
654 3882 904 3966 reperibilies
927 3880 1055 3944 demto
1079 3885 1252 3963 organe-
1319 3919 1322 3924 -

194 4049 205 4072 ,
259 3991 384 4054 taetus
417 3983 738 4072 (tentacula)
758 4025 770 4064 ‚
793 4005 923 4076 sensus
951 3985 1100 4061 nullus3
1122 3991 1224 4049 arte·

263 4090 346 4155 riae
366 4095 413 4154 st.
426 4109 549 4154 venae
574 4091 656 4155 sins
680 4067 812 4170 οοτᾶος
834 4105 980 4174 organa
995 4085 1224 4174 respiratio-

143 4241 178 4254 .,
240 4191 326 4274 'nis
347 4193 409 4281 vel
438 4193 569 4270 nulla,
591 4193 657 4259 vel
684 4193 863 4262 tracheae
891 4209 1032 4276 parvae
1061 4197 1100 4256 et
1115 4188 1226 4256 sim·

264 4282 384 4382 plices
415 4297 560 4388 absque
588 4299 797 4386 pulmones
818 4283 953 4382 cerpus
988 4295 1227 4382 in'hlonguns
