2920 4998
301 363 340 430 rs
586 400 589 409 .
716 335 930 412 tranenses.
977 379 979 390 ·

299 488 392 553 bare
410 487 562 565 valent,
574 486 759 571 variaque
771 487 957 550 suscitare
973 487 1245 570 phaenomena
1255 509 1348 578 pos·

301 599 412 668 sunt,
437 592 654 674 energia
685 589 962 674 dynamica
996 589 1150 656 dicitur·
1261 613 1264 620 ¹

360 733 673 809 *Phaenomenffi
696 732 832 818 quibus
864 715 1021 816 energia
1051 733 1262 821 dynamica
1285 757 1347 802 se·

301 848 383 928 met
410 839 664 912 manifestat,
695 837 736 900 in
763 837 995 900 transitorio
1023 838 1191 923 quodam
1215 845 1253 904 et
1277 863 1347 926 pe.

302 943 441 1009 culiari
462 941 648 1005 materias
668 944 796 1010 statu,
820 940 1135 1021 praevalentibus
1166 947 1348 1027 expansi·
1444 993 1445 996 η

302 1051 362 1114 vis
388 1053 454 1110 aut
486 1045 735 1110 contractivis
766 1044 916 1107 viribus
938 1043 1091 1124 posito,
1116 1047 1348 1114 consistunt.

302 1151 384 1215 Huc
420 1151 548 1210 autem
577 1146 796 1210 referuntur
816 1193 820 1204 .
834 1145 1107 1226 phaenomena
1136 1146 1242 1208 elec
1255 1153 1271 1210 t
1283 1169 1300 1212 r
1313 1149 1348 1212 i-

306 1253 515 1328 citatis,
547 1249 1056 1336 magn·etismi,soni,
1089 1249 1278 1318 caloris
1308 1261 1351 1320 et

305 1357 451 1421 lucis.
594 1349 600 1358 ’

351 1484 482 1556 (Cum
513 1501 604 1545 vero
645 1475 943 1544 efficientiarum
981 1459 1146 1544 istarum
1175 1481 1350 1566 phaeno-

303 1607 457 1653 menae
486 1589 628 1648 natura
652 1581 833 1674 gravium
863 1587 900 1643 et
924 1583 1239 1664 ponderabilium
1270 1586 1349 1649 ele-

186 1699 191 1706 “
304 1693 525 1753 mentorum
554 1685 695 1767 exponi
720 1703 798 1747 non
823 1683 995 1765 possint,
1016 1704 1084 1748 nec
1116 1684 1222 1767 ipsae
1249 1703 1349 1768 pon-

305 1791 373 1854 dus
399 1787 557 1872 aliquod
585 1787 776 1862 habeant,
802 1785 1251 1870 imponderabilis
1287 1787 1348 1851 di-

304 1898 453 1956 cuntur.
486 1889 817 1976 Quemadmodum
845 1888 1175 1972 imponderabilis
1195 1911 1220 1953 a
1237 1893 1360 1974 gravi,

306 1994 488 2058 differunt
509 1993 696 2082 materia,
712 1991 767 2054 sic
783 1991 868 2075 ipsa
886 1991 981 2056 haec
998 1994 1165 2058 materia
1191 1993 1350 2080 quidem

304 2118 382 2162 non
407 2087 516 2169 sunt,
537 2094 725 2160 materiae
757 2101 891 2156 tamen
927 2093 1140 2161 adhaerent
1168 2101 1206 2160 et
1228 2103 1351 2182 agunt

304 2177 372 2284 per
404 2216 508 2275 eam;
528 2197 672 2289 etenim
700 2213 769 2258 nac
787 2215 867 2279 „per
898 2215 937 2260 se
960 2197 1152 2276 existunt,
1181 2221 1250 2265 nec
1275 2223 1349 2266 un-

306 2321 422 2392 quam
442 2287 535 2366 sin'e'
555 2301 722 2364 materia
751 2305 977 2380 occurrunt3
1000 2303 1170 2385 produnt
1194 2311 1350 2389 praete·
1444 2367 1445 2380 ἶ

306 2427 373 2473 rea
397 2401 618 2468 materiales
653 2395 885 2488 qualitates,
914 2411 1099 2491 quatenus
1121 2427 1252 2472 sensus
1279 2429 1353 2472 no·
1444 2395 1445 2464 ἶ

306 2517 405 2575 stros
425 2507 612 2574 adficiunt
635 2513 673 2572 et
694 2525 898 2591 corporum
919 2530 1032 2594 saepe
1050 2517 1204 2600 mutant
1222 2515 1350 2602 quali-

305 2619 417 2678 tates·

774 2805 805 2877 s·
848 2819 879 2882 9·

463 2945 1190 3074 Impenderabilium'natura.

387 3109 479 3173 Cum
502 3105 833 3191 imponderabilis
856 3075 1066 3170 certis'sub
1092 3093 1348 3174 circumstan-

309 3210 376 3276 tiis
397 3209 439 3272 in
470 3209 577 3274 omni
607 3209 735 3272 evolvi
763 3207 915 3292 possint
951 3208 1138 3284 materia,
1160 3216 1350 3296 tanquam

303 3313 496 3379 ,materiae
518 3312 752 3378 attributum
781 3308 1019 3373 considerari
1042 3309 1181 3388 debent
1202 3310 1257 3398 ‘)·
1300 3319 1350 3382 Ut

311 3424 440 3482 autem
468 3411 608 3480 natura
630 3434 761 3479 eorum
787 3416 942 3483 uberius
971 3422 1124 3502 pateat,
1146 3420 1350 3504 sequentia

310 3521 499 3586 adducere
520 3522 694 3602 oportet:

396 3641 435 3732 r)
452 3643 691 3707 Evolvuntur
711 3639 941 3708 efficientiae
961 3643 1056 3734 istas
1077 3643 1210 3708 eadem
1229 3663 1249 3708 e
1267 3663 1351 3710 ma-

309 3739 412 3812 teri'a
430 3749 467 3808 et
491 3743 629 3806 iisdem
648 3745 716 3828 sun
740 3745 1043 3810 circumstantiis
1066 3747 1270 3822 continuo,
1291 3749 1351 3814 ita
1415 3731 1422 3754 ⁸

312 3857 357 3914 ut
387 3846 532 3910 calculo
565 3845 706 3924 subjici
736 3868 813 3914 non
845 3850 1018 3931 possint,
1043 3853 1080 3912 et
1112 3854 1350 3933 tanquame

311 3955 422 4019 fonte
441 3949 603 4031 perenni
621 3955 1044 4033 perpetuo-eliciantur.
1067 3952 1257 4020 Differunt
1275 3955 1351 4041 igi-

311 4063 376 4120 tur
396 4052 458 4117 vel
479 4052 551 4114 hac
581 4053 733 4119 ratione
753 4058 801 4120 ab
833 4059 1064 4143 impulsibus
1092 4061 1351 4138 mechanicis,

316 4161 381 4246 qui
407 4178 451 4222 ea
471 4157 656 4224 deficiunt
681 4165 956 4250 proportione,
981 4185 1057 4252 qua
1084 4167 1283 4254 oppositas
1301 4167 1350 4232 il·
1438 4161 1439 4174 '

317 4264 365 4334 lis
385 4263 605 4376 renituntur
623 4263 736 4336 vires.
1166 4278 1169 4286 ’
1201 4268 1206 4276 “
