2920 4998
252 371 275 434 a
658 355 873 425 tressera.
944 383 951 396 ·

256 523 351 592 quse
370 499 451 566 illis
472 477 718 582 intercedat,¹
732 475 922 588 quamque
942 517 1035 587 syn
1047 508 1064 566 t
1075 501 1102 566 h
1113 523 1132 566 e
1145 503 1185 567 ti
1197 521 1214 568 c
1227 523 1250 566 a
1262 521 1302 567 m

254 611 418 683 vocant,
440 603 739 688 confugiendum
756 604 840 709 iore
861 606 1100 670 contendunt
1120 609 1196 694 ”).
1296 629 1309 652 ⁴

337 750 411 834 Qui
440 747 691 832 simplicitati
720 749 878 812 student
907 749 948 812 in
972 751 1207 833 exponendis
1232 771 1301 814 na-

254 860 364 919 turae
384 849 852 933 phaenomenis,unicam
872 856 1026 914 tantum
1044 853 1300 917 necessariam

225 967 227 978 '
255 980 335 1024 esse
368 957 475 1032 vim,
497 976 570 1042 qua
606 977 766 1042 corpora
796 957 1033 1032 formentur,
1062 958 1196 1044 suique
1221 960 1301 1022 exi-

256 1061 441 1130 stentiam
461 1061 502 1123 in
519 1059 645 1143 spatio
666 1065 870 1136 tueantur,
885 1060 1022 1124 docent
1034 1061 1129 1148 Μ).
1144 1063 1303 1126 Monent

136 1216 139 1230 .
255 1169 323 1242 hi,
349 1165 497 1228 nullam
520 1161 682 1231 existere
709 1165 915 1229 materiem
949 1167 996 1230 ab
1028 1166 1116 1230 aliis
1147 1164 1301 1250 p'rorsus

256 1273 477 1352 separatam
495 1267 695 1341 materiis,
719 1285 907 1352 omneque
937 1287 1092 1352 corpus,
1112 1273 1302 1352 tanquam

257 1373 492 1458 particulam
522 1376 682 1435 naturae
711 1373 938 1449 universae,
968 1369 1023 1458 (ς.
1053 1373 1102 1458 1.)
1132 1374 1171 1435 in
1203 1391 1310 1436 nexu·

259 1475 422 1540 existere
442 1491 526 1536 cum
549 1475 661 1538 rebus
688 1474 790 1537 aliis.
835 1476 960 1542 stetui
978 1473 1070 1539 hinc
1093 1479 1222 1558 potest
1241 1474 1303 1554 pel

258 1580 343 1642 sola
363 1577 573 1640 attractiva
590 1576 652 1640 vel
682 1579 891 1660 expansiva
913 1579 992 1644 vis:
1015 1579 1056 1642 in
1079 1597 1166 1642 casu
1195 1598 1304 1642 nem·

258 1695 306 1766 pe
337 1681 464 1764 primo
490 1681 666 1775 internae
697 1680 929 1747 attractioni
959 1686 1117 1745 externa
1139 1681 1303 1765 opponi·
1399 1691 1403 1700 '

257 1793 321 1852 tur
342 1785 550 1866 attract103
570 1787 613 1849 in
635 1785 756 1851 altero
777 1786 836 1851 vis
860 1787 1068 1871 expansiva
1098 1787 1304 1851 materians

258 1879 432 1953 incolens
452 1907 520 1972 per
544 1890 838 1974 expansionem,
862 1909 957 1976 quae
983 1891 1030 1952 ab
1055 1893 1161 1952 extus
1184 1890 1304 1975 viget,

259 1993 468 2058 limitatur.

346 2135 542 2223 Quidquid
569 2144 697 2202 autern
728 2137 801 2215 sit,
832 2135 873 2201 id
899 2137 1040 2220 saltem
1064 2141 1305 2220 compertum

260 2229 467 2321 debemus,
488 2233 601 2309 omne
634 2264 768 2328 corpus
802 2242 1049 2330 individuum
1075 2243 1304 2306 relationem

260 2349 403 2413 habere
439 2348 486 2410 ad
525 2350 747 2412 universam
784 2353 964 2411 naturam
988 2367 999 2425 3
1025 2347 1227 2411 materiem
1264 2366 1305 2408 o-

259 2473 389 2518 mnem
408 2474 475 2538 per
506 2449 695 2518 influxum
726 2451 887 2518 alterius
919 2450 1106 2516 materiae
1137 2450 1232 2535 poni
1268 2453 1307 2512 et

260 2559 683 2640 conservari3'nullam
708 2555 793 2619 dari
836 2555 1033 2638 energiam
1063 2559 1130 2617 aut
1156 2561 1307 2618 motum

260 2663 489 2746 partialem,
512 2666 550 2724 et
572 2659 706 2724 omnia
726 2657 913 2722 adunam
931 2656 1150 2741 conspirare
1174 2653 1307 2734 finem,

260 2764 403 2850 ubique
425 2787 493 2830 nos
513 2763 702 2830 offendere
726 2759 768 2826 in
791 2781 922 2825 causas
943 2759 1059 2825 simul
1083 2765 1121 2823 et
1141 2759 1307 2840 effectus,

207 2869 216 2935 .’
265 2874 303 2932 et
327 2874 508 2932 naturam
544 2866 765 2932 universam
789 2863 990 2929 infinitam
1023 2860 1182 2927 omnino
1215 2885 1306 2928 esse.

365 3011 398 3078 t)
425 3007 478 3082 lm.
501 3005 636 3062 nauus
659 3005 896 3079 metaphysische
921 3000 1174 3074 Aufengsgriinde
1198 3001 1228 3060 d.
1253 3005 1308 3060 Na.

328 3079 475 3156 suriani.
487 3109 569 3170 par,
581 3091 958 3184 et'52.-1.rn1ssusur
970 3091 1197 3163 aequatione.
1208 3095 1306 3153 sona.

336 3207 348 3244 s
409 3228 419 3248 .

351 3205 425 3370 733t)
443 3291 657 3352 BURDACH'S
673 3289 862 3366 Physiologie
880 3307 910 3364 p.
925 3289 971 3358 43.
987 3319 1024 3336 ν·
1041 3291 1145 3363 Ejusd.
1166 3296 1310 3370 Encyclo·

333 3383 441 3462 paedia
460 3383 489 3440 d.
509 3381 751 3438 Heilwissensch.
766 3383 790 3444 1.
812 3381 847 3458 §.
869 3383 932 3453 ιίμ).

367 3496 443 3563 Μ)
461 3487 691 3546 SGllELVEll'S
709 3487 966 3546 Elementurlehre
982 3488 1011 3545 d.
1033 3489 1229 3566 organischen
1255 3489 1308 3546 Na·

332 3597 393 3646 tur.
417 3582 442 3636 1.
465 3599 495 3655 p.
515 3592 558 3640 st.
574 3605 609 3620 -
630 3577 765 3630 maian
781 3577 826 3648 (in
848 3577 980 3634 Gren's
1008 3579 1129 3634 Journal
1152 3579 1182 3640 d.
1218 3581 1306 3655 Phys.

332 3673 399 3734 vu,
414 3691 445 3750 p.
466 3671 554 3742 aeti).
573 3691 606 3709 -·
625 3665 870 3722 TREVIRANUS
888 3667 1025 3741 Biologie
1040 3668 1063 3724 1.
1077 3683 1110 3740 p.
1126 3667 1172 3734 26,
1193 3685 1238 3743 eq.
1353 3669 1358 3680 ’

731 3850 762 3919 §-
804 3859 836 3925 5·

458 4031 817 4118 Proprietates
850 4029 1117 4098 Materiae.

350 4185 467 4252 Novit
497 4185 659 4256 natura,
690 4176 894 4262 incognita
924 4175 1080 4260 quidem
1104 4173 1218 4240 nobis
1248 4187 1310 4240 ra·

263 4297 395 4370 tione,
426 4309 494 4376 per
515 4284 711 4370 energiam
741 4277 1076 4365 simplicissimam
1100 4286 1138 4346 et
1165 4279 1311 4346 virium
