2920 4998
291 361 334 430 50
473 309 477 322 ’
642 341 914 414 ‘lususssua

377 492 556 557 Versatur
590 486 787 556 medicina
815 496 1031 589 generatim
1060 495 1164 568 circa
1189 507 1341 576 sanita.

290 611 371 669 tem
392 596 691 665 conservandam
702 640 713 674 ,
724 602 1027 682 restituendam,
1043 615 1081 673 et
1100 615 1226 678 vitam
1245 635 1338 698 pro·

293 706 549 792 tangendam,
571 701 672 786 quod
695 702 855 770 diversis
875 716 1070 790 praestare
1087 718 1219 782 studet
1237 712 1336 784 arti*

246 847 249 854 ·
291 815 384 877 bus:
405 845 448 860 -
468 814 556 874 Ars
586 807 882 876 diaetetic'a
902 814 1168 884 valetudinem
1200 843 1338 888 secun·

294 917 384 978 dam
405 912 457 996 (ς.
477 914 552 1000 21.)
578 911 701 984 tueri,
725 916 764 973 et
791 916 1199 1001 prophylactica
1229 945 1338 991 mor⁴

292 1021 361 1085 bos
393 1015 641 1081 imminentes
671 1022 913 1100 praevertere
939 1024 1105 1108 satagit3
1127 1033 1338 1116 utrumque

293 1127 424 1186 autem
450 1121 534 1183 tum
555 1117 695 1182 saltem
726 1121 1031 1202 praestabimus,
1053 1127 1122 1191 ubi
1144 1133 1250 1196 vitae
1275 1157 1337 1198 re-

295 1225 397 1287 alem
433 1194 682 1285 habuerimus
724 1221 1021 1306 cognitionem,
1053 1235 1166 1314 atque
1186 1233 1339 1302 'vitalis
1422 1245 1426 1254 '

199 1357 205 1378 .
294 1343 488 1414 processus
530 1341 661 1386 causas
700 1322 874 1389 internas
906 1346 948 1388 ac
989 1319 1164 1396 externas
1205 1333 1338 1402 debite

286 1419 669 1526 perspexerimus-
690 1425 888 1512 Dijudicat
916 1427 1259 1518 praedisponentes
1297 1439 1339 1506 et

295 1533 505 1596 excitantes
535 1517 759 1593 morborum
796 1549 927 1594 causas
959 1536 1219 1623 aetiologi
1233 1564 1277 1650 ιιι.
1299 1549 1341 1608 et

213 1637 220 1650 '
273 1627 638 1724 ‚eruiturpro'xima
666 1627 793 1696 morbi
826 1652 963 1712 causa,
987 1657 1051 1700 seu
1086 1643 1252 1707 mutatio
1273 1639 1341 1710 'or-

293 1739 452 1824 ganicae
473 1734 680 1810 materiae,
702 1729 765 1798 vel
785 1732 930 1802 virium
950 1739 1049 1822 ejus,
1073 1763 1096 1805 a
1115 1746 1254 1810 nocivo
1275 1773 1341 1814 re-

294 1863 381 1910 rum
410 1841 558 1906 influxu
591 1839 741 1923 posita,
772 1860 839 1928 per
872 1841 1134 1926 theoriam
1157 1847 1342 1920 morbi

294 1949 395 2012 Haec
428 1951 557 2009 autem
600 1941 811 2024 diiudicare
848 1965 929 2020 non
962 1945 1077 2014 aliter
1108 1971 1342 2039 possumus,

295 2068 413 2138 quam
439 2045 640 2164 perspecto
672 2047 779 2132 prius
806 2048 944 2125 modo,
968 2071 1041 2138 quo
1070 2055 1245 2140 singulae
1274 2085 1342 2128 ex-

293 2157 428 2244 ternae
449 2173 506 2216 res
532 2150 575 2214 in
599 2151 831 2234 organicum
864 2159 983 2236 agunt
1013 2177 1169 2243 corpus,
1193 2162 1342 2246 ipsam-

286 2273 369 2348 que
408 2253 599 2316 suscitant
624 2253 772 2332 vitam3
806 2272 1001 2322 necessum
1031 2268 1230 2344 praeterea
1259 2273 1344 2346 est,

293 2347 339 2424 ut
355 2363 635 2450 systematum,
658 2367 890 2440 organorum
912 2365 949 2423 et
968 2364 1138 2444 partium
1157 2365 1343 2454 singilla-

294 2463 465 2528 tivarum
487 2459 744 2545 dignitatem,
768 2479 840 2544 quo
860 2463 1078 2546 proximam
1100 2471 1227 2535 morbi
1249 2496 1342 2538 cau-

296 2586 378 2629 sam
405 2564 586 2649 prosequi
608 2560 828 2652 valeamus,
851 2571 1093 2648 perspectam
1124 2571 1235 2635 nobis
1267 2573 1340 2637 ha-

294 2667 465 2733 beamus
483 2699 527 2718 -·
548 2667 751 2747 Exponunt
769 2663 880 2748 signa
896 2669 934 2730 et
948 2668 1217 2749 phaenomena
1233 2695 1339 2741 mor-

294 2761 1339 2883 borumsemioticaetsymptomatologia3

293 2892 428 2941 verum
446 2850 552 2933 nosci
581 2865 687 2952 prius
707 2862 847 2932 debent
873 2867 985 2956 signa
1013 2879 1052 2936 et
1069 2874 1340 2958 phaenomena

293 2976 399 3041 vitae
427 2971 640 3045 normalis,
664 2972 805 3046 aetati,
838 2976 965 3052 sexui,
991 2977 1264 3048 constitutioni
1300 2991 1341 3056 et

242 3133 247 3142 .
293 3080 601 3167 temperamento
629 3078 907 3163 respondentis
927 3115 969 3134 -·
989 3083 1144 3150 Exitum
1181 3085 1341 3164 morbo.
1438 3119 1441 3132 =

293 3206 381 3252 rum
410 3185 453 3246 in
475 3183 683 3245 sanitatem
710 3183 923 3264 perfectam
946 3194 1013 3253 aut
1042 3189 1339 3280 imperfectam,

296 3286 401 3351 vel
389 3307 432 3349 ιιι
463 3290 629 3350 mortem
658 3303 734 3348 ars
755 3292 1094 3382 prognostica
1128 3293 1343 3386 dijudicat,

295 3385 488 3474 simulque
508 3394 721 3464 scrutatur,
745 3373 934 3476 quomodo
961 3395 1035 3459 hoc
1055 3399 1119 3462 rel
1147 3401 1246 3469 illud
1275 3431 1342 3473 ac·

296 3493 423 3556 cidere
444 3491 567 3574 possit
587 3497 654 3557 aut
678 3493 827 3558 debeat
870 3494 987 3562 Nemo
1010 3507 1139 3566 autem
1158 3505 1253 3573 haec
1277 3513 1341 3576 di·

296 3597 470 3674 vinabit,
493 3598 570 3662 nisi
590 3620 703 3662 verae
733 3603 771 3662 et
801 3601 937 3686 longae
968 3609 1229 3688 experientiae
1256 3635 1341 3680 me·

296 3701 428 3778 (licus,
451 3707 565 3788 atque
586 3703 641 3777 is,
664 3703 730 3787 qui
749 3703 869 3768 totius
891 3708 996 3772 vitae
1014 3729 1208 3792 processus
1231 3717 1343 3783 debi-

219 3877 223 3896 .
295 3812 378 3871 tarn
410 3795 594 3869 habuerit
625 3804 777 3880 ideam,
800 3808 865 3894 qui
895 3817 1068 3876 mutuam
1105 3803 1339 3902 organorum

294 3911 527 3976 relationem
557 3915 596 3974 et
624 3909 799 3994 singulae
830 3916 953 3996 partis
983 3916 1154 3983 officium
1187 3926 1340 4007 optime

294 4013 544 4100 perspexerit.
565 4045 607 4060 -
628 4009 773 4092 Quibus
811 4013 1059 4096 adminiculis
1094 4029 1220 4093 morbi
1258 4031 1340 4096 sint

294 4115 482 4188 tollendi,
506 4119 573 4177 aut
596 4131 671 4196 qua
692 4117 843 4181 ratione
866 4121 996 4202 potius
1026 4121 1201 4207 adjuvari
1223 4131 1339 4197 debe.

296 4225 342 4284 at
363 4225 524 4293 natura,
546 4221 590 4282 ut
611 4215 835 4284 abnormem
856 4219 1012 4291 sufferre
1030 4229 1161 4298 valeat
1179 4239 1339 4313 statum.
