2920 4998
281 409 327 480 70
709 377 925 446 Incassum.

269 569 293 581 ..
369 535 510 604 Iisdem
528 523 735 618 principiis
766 519 1023 607 superstruxit
1051 519 1230 584 omnus
1259 536 1330 601 pa·

285 639 531 724 tholegiam,
558 626 988 717 pharmacologiam'st
1016 622 1267 706 therapiam,
1292 623 1333 688 st

285 741 467 810 condidit
496 743 689 822 systema,
713 728 814 814 quod
835 749 902 812 per
934 729 1104 791 aetatem
1121 725 1331 789 barbaram

232 866 235 877 ·
285 852 327 914 st
357 847 545 917 inertem,
566 833 744 928 pluribus
776 829 918 906 seculis
950 827 1178 904 durantem,
1207 823 1333 892 domi-

149 1025 153 1040 f
281 947 466 1018 urebatur.

678 1089 988 1118 Μ

388 1207 466 1260 llurt
484 1199 714 1266 srunusut’s
735 1199 871 1254 Versuch
897 1199 982 1254 einer
1003 1191 1245 1272 pragmstlsclren
1271 1188 1327 1246 us

269 1310 273 1318 ·
350 1293 485 1355 schicbte
502 1290 532 1345 d.
546 1286 776 1360 Arrueylsunde.
796 1289 894 1347 llslle.
916 1280 1186 1348 1800-1803.s.1.
1206 1280 1275 1334 Thl.
1295 1295 1328 1352 p.

355 1377 507 1450 spi-ull.
526 1377 566 1435 ll.
583 1376 651 1430 Tbl.
667 1394 699 1450 p.
717 1374 919 1432 2-1o6.-C.
931 1373 967 1428 1..
982 1369 1135 1434 auulsa
1148 1368 1328 1442 mongon.

293 1457 295 1464 ’
360 1465 392 1525 d.
407 1463 607 1540 Physiologie.
623 1465 659 1524 Β..
676 1463 702 1530 1,
716 1481 747 1542 p.
766 1476 919 1525 tio-sol·
1243 1452 1247 1462 ¹

744 1633 775 1735 §ss
816 1665 869 1731 28.

513 1843 755 1912 Historia
775 1841 892 1910 aevi
920 1843 1092 1912 medii.

363 2005 446 2070 Non
467 2004 589 2070 multo
619 2011 707 2090 post
739 2005 930 2070 Galeni
963 2012 1130 2070 aetatem
1150 2001 1327 2066 Romana

278 2131 372 2198 gens
405 2107 630 2182 effeminato
663 2110 754 2174 luxu
783 2111 911 2198 fracta
941 2116 979 2174 et
1001 2109 1087 2173 dira
1108 2089 1329 2190 ‘imperato-

278 2235 367 2284 rum
387 2212 599 2299 tyrannide
620 2234 825 2298 oppressa,
847 2221 963 2300 atque
983 2214 1236 2282 barbarorum
1255 2230 1327 2292 po-

221 2393 224 2402 ·
265 2323 460 2406 pulcrum
477 2320 767 2387 incursionibus
791 2319 950 2384 adsidue
979 2323 1141 2392 vexata,
1164 2318 1208 2406 in
1235 2317 1326 2380 bar·

274 2425 414 2493 baram
433 2425 514 2488 fers
541 2423 683 2490 recidit
715 2424 950 2500 ruditatem,
972 2443 1046 2510 quo
1078 2423 1223 2490 artium
1251 2421 1323 2484 bo·

272 2547 414 2596 narum
437 2532 475 2594 et
495 2527 893 2608 omniumliterarum
924 2527 1048 2590 cultus
1074 2526 1228 2610 penitus
1259 2543 1323 2588 ex-

265 2627 557 2712 stinguebatur.
599 2626 819 2708 Disciplina
838 2633 930 2692 tunc
949 2627 1102 2692 medica
1122 2646 1207 2692 curn
1230 2625 1324 2690 reli·

271 2734 361 2824 quis
380 2731 556 2798 scientiis
577 2731 734 2813 perdita
752 2732 911 2816 penitus
930 2733 1090 2810 luisset,
1112 2751 1181 2798 nec
1206 2731 1321 2796 modo

270 2833 483 2918 vestigium
507 2829 675 2914 amplius
697 2840 909 2918 superesset
950 2837 1131 2920 antiquas
1154 2834 1323 2920 glorias,

269 2941 317 3008 rri
338 2936 556 3009 Arabes,
581 2935 718 3002 ardore
747 2939 937 3023 singulari
968 2939 1228 3014 inflammati,
1259 2937 1322 3002 in-

132 3092 142 3118 .
232 3037 507 3124 ‘terpratibus
536 3039 741 3124 praecipue
771 3041 1112 3106 Nestorianis
1160 3040 1254 3126 (sec.
1282 3041 1324 3108 V·

268 3161 309 3229 p.
332 3144 416 3208 Chr·
437 3139 521 3226 n),
542 3147 676 3208 vetera
707 3145 950 3228 accepissent
972 3149 1010 3208 et
1036 3146 1326 3208 conservassent

190 3282 193 3290 ,
268 3249 535 3314 'monumenta-
576 3246 687 3311 Haud
717 3254 850 3312 tamen
887 3255 1071 3332 prospero
1112 3248 1207 3312 satis
1237 3265 1324 3310 suc-

267 3369 375 3413 cessu
396 3347 560 3412 scientia
576 3349 738 3435 antiqua
761 3350 933 3415 transire
956 3349 1005 3415 ad
1034 3349 1177 3416 Arabes
1207 3357 1320 3434 pots·

131 3480 137 3490 ·
267 3457 353 3528 res,
367 3471 452 3544 cum
471 3449 513 3515 in
534 3449 688 3536 linguas
701 3452 882 3517 traducta
900 3454 1024 3520 fuerit
1037 3450 1177 3538 (arab
1191 3453 1205 3516 i
1217 3473 1235 3516 c
1247 3472 1323 3520 am

270 3562 311 3620 et
330 3554 546 3642 syram),
569 3556 715 3619 alienas
748 3574 901 3637 prorsus
936 3576 960 3619 a
988 3561 1163 3620 materno
1186 3554 1322 3621 litera-

266 3678 356 3726 rum
388 3678 596 3735 sermons,
627 3666 665 3724 st
704 3659 936 3743 interpretes
968 3659 1046 3744 ipsi
1086 3661 1322 3730 Graecorum

262 3772 471 3849 praecepta
491 3763 595 3832 haud
614 3765 711 3828 bene
734 3762 1010 3828 intellexerint.
1055 3764 1122 3830 llis
1156 3762 1318 3839 accedit,

263 3868 370 3954 quod
391 3853 600 3953 disciplina
615 3865 767 3930 medica
787 3867 1066 3934 monachorum
1089 3873 1126 3930 et
1147 3867 1318 3948 anacho-

263 3975 437 4038 retarum
458 3969 603 4035 vilibus
626 3966 774 4034 tradita
805 3968 927 4033 luerit
949 3967 1317 4051 superstitionibus,

267 4073 445 4161 quodque
476 4069 697 4146 anatomia,
719 4069 887 4140 historia
916 4070 1110 4160 naturalis
1127 4075 1166 4137 st
1184 4071 1318 4142 obser·

261 4177 388 4244 vendi
420 4197 482 4242 ars
503 4174 679 4260 neglecta
703 4175 861 4262 penitus
892 4176 1051 4246 fuerint·
1089 4227 1092 4234 .
