2950 5002
287 385 347 456 116
713 378 936 442 luseessus.

288 525 546 614 sequebantur
563 517 728 592 ratione,
740 515 890 580 viribus
911 513 1100 581 vitalibus
1118 515 1336 602 plurimum

287 637 514 700 tribuentes.
536 661 576 680 -ι-
596 625 758 691 Perfecit
787 628 914 694 autem
944 624 1158 706 plurimum
1179 626 1335 710 jatrum.

271 740 481 806 theoriam
503 731 724 818 ingeniosus
745 729 800 794 Jo
829 730 1049 793 Bessorum
1076 729 1198 813 (pros.
1217 730 1337 796 Basil.

286 846 468 936 †1743)‚
492 841 693 926 analyseos
726 835 968 903 sublimioris
992 837 1184 902 inventor.
1227 836 1337 900 Vidit

286 969 449 1030 nempe,
473 943 745 1012 elementarem
766 941 1042 1026 geometriam,
1065 941 1113 1003 ab
1135 938 1246 1004 Italis
1266 923 1337 1004 ad·

286 1052 481 1121 bibitam,
504 1041 553 1110 ad
584 1043 753 1109 animale
783 1061 917 1126 corpus
949 1041 1138 1125 adplicari
1170 1039 1339 1108 minime

286 1173 424 1240 posse,
447 1149 670 1236 siquidem
659 1169 702 1212 1n
724 1147 800 1214 isto
821 1167 890 1212 nec
911 1147 1017 1212 linea
1037 1153 1141 1211 recta
1160 1166 1229 1216 nec
1248 1141 1335 1230 pla·

287 1279 340 1322 na
361 1252 581 1337 superficias
600 1251 764 1326 existat,
785 1250 887 1314 unde
912 1241 1057 1314 calculo
1079 1249 1334 1316 differentiali

232 1367 236 1376 ’
288 1362 327 1420 et
346 1356 531 1440 integrali
565 1373 650 1418 cum
678 1351 850 1438 theoria·
862 1353 989 1416 lineae
1021 1369 1158 1418 curvae
1190 1350 1333 1439 (quam

288 1460 373 1542 ipse
401 1447 486 1524 cuni
523 1457 826 1523 Leibnitzio
867 1461 904 1521 et
941 1457 1184 1524 Newtono
1226 1457 1338 1523 inve·

287 1563 395 1652 nit),
409 1559 752 1646 prodilucidandis
778 1559 947 1645 corporis
967 1559 1234 1631 functionibus
1253 1568 1338 1626 ute·
1443 1591 1449 1610 ·

231 1651 234 1660 ¹
286 1669 414 1734 batur·
435 1666 634 1730 Celebrate
645 1664 812 1728 multum
823 1663 901 1730 fuit
911 1665 939 1727 B
951 1685 970 1727 e
981 1684 1000 1727 r
1012 1684 1037 1727 n
1051 1685 1072 1728 o
1083 1683 1108 1726 u
1121 1663 1135 1728 1
1146 1664 1162 1727 l
1173 1662 1188 1728 i
1198 1664 1213 1728 i
1225 1665 1338 1730 theo·

289 1773 351 1838 ria
374 1771 419 1835 de
439 1767 649 1834 musculari
672 1771 803 1831 motu:
827 1767 967 1830 statuit
988 1786 1073 1832 cunr
1092 1766 1153 1829 Bo
1166 1766 1338 1846 rellio,
1365 1773 1372 1784 '

289 1874 529 1940 musculares
551 1871 671 1937 fibras
694 1870 991 1935 evesicularum
1023 1878 1196 1937 constare
1218 1874 1343 1954 sarie3

290 1979 554 2046 intumescunt
575 1995 706 2040 carnes
718 2017 729 2052 ,
752 1981 796 2040 ut
814 1979 927 2059 putat
939 2018 950 2052 ,
975 1997 1061 2043 cum
1082 1978 1238 2061 sanguis
1266 1979 1337 2044 sub

290 2088 401 2147 motu
439 2079 585 2163 majore
625 2079 775 2162 impetu
806 2078 848 2148 in
866 2099 943 2144 ‘eas
974 2081 1119 2157 fertur,
1150 2079 1340 2167 hujusque

289 2181 463 2269 globuli,
488 2179 553 2274 qui
573 2180 764 2247 vesiculae
785 2187 897 2256 sunt,
921 2182 1048 2246 a‘e'rem
1069 2202 1180 2248 suum
1202 2177 1339 2249 dimit-

290 2291 404 2366 tunt;
425 2284 592 2369 explicat
623 2284 712 2349 dein
742 2286 1001 2364 mutationes,
1027 2307 1119 2370 quas
1149 2286 1341 2356 fibrarum

291 2389 483 2455 vesiculae
516 2388 748 2464 subsanna
779 2401 984 2456 curvarum
1012 2389 1205 2453 linearum
1229 2392 1340 2456 theo·

166 2553 176 2564 ..
226 2537 237 2569 x
290 2491 353 2560 ria
380 2490 753 2576 perlsublimiorem'
781 2491 976 2579 anslysin.
1019 2493 1222 2577 ingenioso
1254 2500 1340 2560 ten·

202 2674 210 2689 ⁸
292 2595 441 2662 tamine
462 2594 525 2658 vir
545 2593 650 2658 idem
670 2591 837 2674 corporis
859 2593 1143 2660 decrementum
1162 2615 1231 2680 per
1252 2619 1341 2663 eva·

291 2699 514 2780 parationes
539 2701 577 2760 et
599 2695 870 2759 evacuationes
891 2696 1019 2761 varias
1042 2699 1187 2764 calculo
1209 2722 1341 2770 eruere

292 2797 514 2864 nitebatur-2
536 2794 678 2859 statuit
700 2791 902 2862 hominem
925 2795 1034 2862 intra
1052 2821 1195 2868 annum
1219 2823 1342 2874 unum
1411 2874 1417 2882 ,

295 2901 389 2966 duas
412 2899 548 2964 tertias
572 2896 741 2980 corporis
761 2897 822 2962 sui
845 2899 1023 2966 amittere
1041 2909 1193 2987 partes3
1213 2909 1341 2974 nutri·

279 3007 359 3094 stur
378 3020 471 3065 vero
494 3017 629 3083 corpus
659 3018 726 3082 per
755 2999 1029 3068 attractionem
1057 3007 1342 3090 particularum

295 3104 551 3178 similarium,
575 3121 670 3188 quae
688 3104 789 3170 vasis
810 3106 1070 3190 recipiuntur,
1094 3109 1282 3178 diametro
1302 3122 1342 3180 et

294 3203 444 3293 figurae
473 3203 753 3290 particularum
775 3209 1119 3290 respondentibus.
1163 3215 1341 3282 Illustra-

295 3309 357 3372 vit
381 3307 695 3372 Bernoullianam
716 3310 912 3375 theoriam
933 3307 1039 3376 filius
1061 3318 1229 3384 auctoris
1253 3321 1340 3384 D·
1298 3342 1340 3386 a·

295 3409 421 3485 niel,
445 3409 509 3496 qui
532 3409 732 3493 divulgata
749 3409 1087 3546 hydrodynamica
1108 3436 1257 3508 quoque
1278 3422 1340 3488 in-

298 3514 450 3579 claruit.

380 3655 422 3743 6)
442 3655 651 3720 Theoriam
672 3655 910 3724 Newtoni
933 3657 976 3725 de
998 3663 1231 3730 attractione
1253 3685 1340 3736 cum

294 3757 501 3844 principiis
533 3759 822 3823 mathematicis
857 3763 1056 3848 conjunxit
1091 3767 1167 3830 iac.
1206 3771 1338 3836 linit

295 3861 420 3944 (med.
438 3860 739 3943 Nordhampton.
762 3864 935 3953 †1719.)·.
957 3867 1096 3934 Docuit
1118 3870 1210 3946 iste,
1233 3893 1252 3936 e
1274 3893 1339 3937 so·

296 3963 345 4028 lis
376 3963 611 4055 mechanicis
650 3963 796 4048 legibus
828 3969 1055 4034 secretiores
1087 3969 1192 4038 haud
1221 3993 1338 4058 expo-

295 4070 457 4148 nendas,
490 4089 622 4158 verum
654 4073 692 4132 et
722 4074 997 4138 attractionem
1033 4077 1248 4160 duplicem,
1270 4097 1336 4164 ge·

175 4215 178 4224 ·
295 4175 468 4243 noralem
496 4191 560 4238 seu
600 4171 894 4262 heterogeneam
912 4215 926 4254 ,
963 4197 1005 4245 as
1034 4180 1239 4264 specialem
1269 4198 1339 4252 seu
1466 4177 1467 4180 ¹
