2920 4998
580 321 593 347 ι

240 401 283 451 ao
504 392 520 422 ⁸·
620 429 637 436 .,
654 375 866 445 incussus.

177 543 183 554 ·
252 537 292 597 te
312 547 374 604 ea,
395 523 492 616 quae
510 525 755 592 mechanicas
776 531 815 592 et
835 526 1027 595 chemicas
1056 526 1294 592 mutationes

199 643 204 654 “
251 632 435 707 suscitat,
455 649 551 716 quae
574 629 856 695 contractiones
887 630 951 696 hic
983 635 1022 694 et
1042 631 1312 714 expansiones·

206 735 207 738 ’
253 733 352 798 alibi
382 733 517 815 ponit,
546 730 661 797 mado
691 733 948 817 oxygonium,
979 752 1080 798 nunc
1109 754 1198 799 vero
1232 733 1293 797 in-

252 835 491 916 flammabile
516 835 686 918 prolicit.
703 869 745 890 ι-
763 838 897 902 Mutuo
915 837 958 902 in
976 859 1015 902 se
1036 843 1154 922 agunt
1176 857 1295 922 oppo-

252 941 350 1028 sitae
377 937 456 1001 sibi
482 938 584 1002 vires
613 939 799 1025 physicae
829 947 867 1005 et
897 940 1113 1019 chemicae,
1146 923 1194 1004 ab
1219 940 1295 1004 ime

250 1041 567 1130 ponderabilium
596 1043 747 1128 polares
772 1045 1026 1126 efficientiae,
1058 1045 1296 1132 tenduntque
1329 1109 1332 1116 .

141 1183 145 1190 ·
252 1149 439 1231 perpetuo
470 1145 512 1209 in
545 1147 760 1224 unionem,
790 1167 886 1234 quae
917 1153 1051 1214 tamen
1082 1151 1143 1214 vel
1176 1171 1220 1213 ex
1252 1169 1296 1212 eo

251 1247 450 1338 possibilis
470 1269 548 1313 non
572 1253 650 1325 est,
676 1251 777 1336 quod
800 1271 1002 1316 causarum
1024 1257 1062 1316 et
1094 1251 1294 1316 effectuum

252 1351 414 1418 infinita
434 1347 548 1415 sitm
567 1358 708 1417 natura
741 1354 879 1430 series,
901 1372 996 1438 quae
1024 1353 1168 1419 virium
1196 1375 1296 1426 nun·

164 1513 167 1518 .
251 1474 367 1547 quam
389 1456 567 1522 admittit
586 1457 864 1545 aequilibrium
885 1463 953 1524 aut
983 1459 1152 1547 quietem
1186 1461 1297 1524 abso-

252 1565 389 1629 lutam.
432 1561 529 1626 ilinc
560 1560 682 1649 igitur
712 1580 842 1646 pugna
875 1557 1000 1628 oritur
1026 1563 1246 1648 perpetua'
1235 1583 1297 1625 ιιι-

252 1676 312 1736 ter
333 1668 574 1736 substantias
594 1673 632 1734 et
655 1687 816 1752 corpora
836 1675 998 1734 naturae
1027 1669 1210 1756 infinita3
1230 1687 1298 1752 pe-

186 1815 189 1824 ,
251 1777 383 1862 renuis
403 1777 510 1861 viget
532 1775 635 1846 actio
658 1781 695 1842 et
728 1775 896 1855 reacti03
921 1780 1134 1840 'nectuntur
1163 1795 1222 1838 res
1258 1795 1299 1838 o·

252 1900 359 1945 mnes
381 1883 420 1943 et
442 1877 616 1962 singulae
637 1897 723 1942 cum
743 1882 884 1942 natura
903 1876 1104 1951 universa,
1120 1872 1214 1942 adeo
1227 1919 1237 1953 ,
1251 1881 1296 1940 ut

248 2003 308 2048 res
330 1979 456 2050 omnis
477 1978 629 2047 effectus
649 1979 704 2044 sit
728 1978 848 2046 simul
857 1985 908 2043 ‘et
931 1998 1066 2054 causa,
1093 1999 1293 2045 conserve-

252 2090 316 2152 tur
348 2103 372 2146 a
408 2080 543 2180 ceteris
577 2085 615 2145 et
643 2061 900 2146 necessariam
930 2079 1052 2145 totius
1086 2082 1320 2148 constituat·

251 2191 426 2286 partems
450 2186 487 2247 et
511 2182 614 2247 istud
633 2181 779 2246 virium
799 2188 994 2246 certamen
1012 2181 1173 2246 vitam
1205 2199 1296 2247 con·

254 2288 387 2352 stituit
409 2284 705 2350 universam
733 2304 776 2348 sc
804 2285 1146 2351 individuam.

335 2426 460 2510 Quia
453 2447 543 2492 vero
567 2423 865 2493 efficientiarum
894 2421 1010 2494 series
1034 2424 1193 2492 infinita
1222 2425 1296 2491 cir*

255 2534 383 2626 culum
405 2533 609 2599 constituit
628 2522 821 2609 naturae,
818 2532 972 2597 nullibi
996 2527 1114 2596 finem
1133 2529 1230 2596 aut
1220 2530 1298 2593 sni

253 2617 356 2708 ‚tium
374 2637 604 2702 habentem·
594 2655 784 2754 ‚cumque
806 2635 1041 2702 suscitatus
1031 2657 1073 2699 ιιι
1100 2653 1176 2698 ιιιιο
1198 2653 1296 2718 pun·

204 2803 210 2810 ,
256 2744 318 2804 cto
338 2745 465 2803 motus
488 2739 698 2824 propagari
720 2760 789 2824 per
816 2743 941 2804 totum
971 2739 1073 2802 hunc
1107 2737 1294 2802 circulum

256 2847 296 2908 et
323 2833 472 2918 redire,
493 2841 709 2926 iterumque
739 2839 947 2929 propagari
977 2860 1045 2926 per
1078 2839 1297 2905 infiinitam

166 2995 170 3001 .
253 2945 532 3037 successionem
553 2937 721 3022 debeat,
729 2966 799 3038 nec
830 2964 1002 3046 unquam
1030 2943 1296 3030 conquiescere

254 3049 398 3134 possit:
421 3049 505 3114 vita
522 3049 724 3127 universa,
747 3069 844 3136 quae
872 3069 959 3114 suas
981 3033 1022 3114 in
1040 3072 1088 3132 'sa
1122 3051 1297 3118 continet

257 3174 388 3218 causae
413 3153 702 3232 „absoluta
732 3159 793 3222 ¹est
827 3158 1151 3240 etperpetua.
1181 3186 1222 3206 ·-
1251 3157 1297 3218 Et

257 3256 312 3322 sic
334 3260 467 3332 mutuo
485 3258 528 3321 in
550 3277 589 3320 se
611 3259 737 3341 agunt'
750 3276 910 3340 corpora
931 3257 1136 3321 terrestria
1154 3276 1197 3320 ac
1212 3276 1296 3319 cae-

256 3358 372 3424 lestia
402 3363 440 3423 et
473 3357 627 3443 integra
658 3359 903 3444 planetarum
932 3364 1171 3444 systemata,
1201 3375 1298 3448 quae

257 3459 389 3528 omnia
417 3484 545 3529 secum
584 3463 717 3548 juncta
751 3482 871 3527 unum
911 3463 1153 3530 constituunt
1190 3461 1298 3524 uni-

258 3579 472 3627 versum*
488 3571 599 3650 syst
615 3584 740 3640 ema,
766 3569 952 3651 perpetua
971 3563 1120 3631 virium
1142 3562 1299 3646 opposi-

240 3661 367 3739 tione
389 3665 617 3731 animatum·
638 3667 710 3732 Nec
734 3667 855 3753 igitur
876 3688 969 3754 opus
989 3673 1067 3744 ast,
1089 3666 1139 3730 ad
1155 3667 1299 3752 hyper·

166 3857 169 3864 γ
257 3767 439 3854 physicas
478 3771 681 3857 confugere
719 3793 881 3852 causas,
919 3781 1093 3841 veterum
1131 3775 1301 3836 statuere

257 3867 1300 3960 HeroasautDaemones‚velTusuur1s,Pu-srou1s

256 3977 296 4040 et
316 3963 537 4041 Srorconum
558 3980 777 4047 animam
807 3981 1000 4057 mundi,
1029 3986 1165 4044 nostra
1193 3981 1300 4041 aeta·

258 4084 297 4142 te
319 4079 503 4145 subtilius
525 4085 739 4184 expositam
762 4086 803 4176 ⁸)
815 4130 826 4165 ‚
846 4085 1046 4172 polaribus
1077 4085 1301 4167 interpone·

257 4203 299 4249 re
317 4181 490 4259 viribus,
520 4191 564 4250 ut
590 4195 816 4275 perpetuam
839 4189 1104 4274 intelligamus
1140 4189 1303 4288 naturae

260 4285 456 4371 energiam
487 4289 561 4379 ll).
1368 4290 1372 4298 “
