2936 4998
209 401 213 410 ·
279 376 304 434 ⁴·
332 388 441 451 sacr.
464 365 491 446 Ῐ.
515 381 573 446 Dr
593 384 934 448 ιιιιιοιιιιιιιόιιιι.
1109 401 1170 468 279

126 529 309 593 materies
330 524 632 610 neoapponenda
653 513 853 608 organicae
884 525 1074 598 materiae
1102 509 1169 590 ad'-
1252 588 1258 608 ,

126 634 318 698 similetur
329 674 338 706 ,
353 649 511 716 eamque
534 629 670 692 induat
689 615 856 694 formam
873 621 911 695 et
930 631 1169 708 mistionem,

127 754 222 821 quae
253 735 427 818 singulae
457 731 616 816 propria
650 733 853 814 estparti3
877 735 1043 798 attrahit
1079 719 1169 798 dein

127 837 310 921 organica
330 834 509 898 materies
529 831 676 929 similes
689 834 764 896 sibi
777 828 1180 919 substantias,‘quem-'

126 939 331 1032 admodum
353 939 394 1000 in
419 938 545 1000 mixta
573 936 714 1000 salium
741 938 937 1020 solutione
967 957 1052 1001 eam
1076 936 1170 1000 salis

20 1091 22 1098 ·
124 1047 288 1126 speciem
310 1039 565 1128 crystallisari
582 1039 712 1122 primo
733 1041 1062 1124 cernimus,cujus
1087 1058 1171 1125 cry-

124 1145 283 1208 stallum
322 1145 402 1225 jam
428 1145 639 1206 formatam
676 1141 784 1224 prius
808 1137 1026 1226 injicimus.
1070 1140 1189 1244 Quia.

122 1268 213 1312 vero
258 1247 422 1330 physica
464 1246 746 1326 particularum
787 1247 1076 1335 approximatio
1119 1245 1169 1308 ad

127 1356 249 1436 certos
289 1353 455 1411 tanturn·
476 1347 622 1410 limites
654 1344 740 1410 fieri
769 1349 917 1430 potest,
942 1367 1100 1433 cumque
1126 1370 1172 1412 ea
1273 1355 1278 1366 '

125 1453 257 1536 vigeat
286 1449 429 1512 virium
460 1449 699 1514 naturalium
728 1445 881 1536 lexput
908 1445 1171 1536 homogenaea

123 1577 202 1618 sese
232 1553 447 1637 repellant,
470 1550 656 1614 materiae
694 1549 914 1640 organicae²
933 1555 1170 1637 particulae,

124 1657 193 1720 ubi
213 1655 433 1739 plenariam
447 1655 664 1736 attigerunt
683 1655 829 1718 virium
844 1651 1171 1746 indifferentiam,

122 1767 243 1825 semet
263 1760 446 1842 repellere
468 1777 596 1821 rursus
620 1757 771 1821 dehent.
816 1751 1070 1842 Recipiuntur
1095 1759 1170 1846 hae

124 1864 343 1950 particulae
350 1881 434 1952 'per
454 1881 549 1926 vasa
568 1860 836 1940 absorbentia,
859 1881 1052 1946 quae-eas
1083 1863 1171 1926 uni-

124 1989 256 2032 versae
274 1953 448 2042 ,tradunt
472 1964 680 2026 humorum
713 1977 886 2038 massae,
908 1965 979 2033 ubi
1008 1967 1072 2029 vel
1101 1983 1185 2047 pro,

125 2093 228 2138 nova
267 2073 452 2150 aptantur
485 2066 753 2148 appositione,
786 2069 864 2132 vel'
883 2083 976 2136 vero
1006 2069 1177 2138 diversis.

124 2171 250 2238 modis
273 2169 323 2250 (ς.
348 2169 425 2251 78.)
448 2188 467 2232 e
489 2187 647 2249 corpore
670 2167 938 2240 eliminantur.
991 2221 995 2230 .

140 2311 359 2393 Duplex
378 2307 500 2391 igitur
520 2307 603 2382 vis,
627 2307 809 2370 attractio
839 2313 876 2370 et
898 2309 1098 2410 repulsio,
1112 2335 1171 2378 re·
1255 2376 1259 2381 .

124 2412 419 2501 productionem
453 2410 614 2493 peragit
632 2410 902 2494 organicorum
933 2431 1171 2501 corporum,

127 2526 166 2582 et
196 2512 400 2602 respondet
428 2510 498 2575 his
530 2511 679 2575 viribus
718 2497 912 2595 appositio
952 2520 990 2578 et
1021 2517 1170 2582 ablatio

128 2621 350 2698 materiae;
374 2613 513 2700 duplex
545 2619 696 2692 etiam,
726 2623 771 2681 ut
790 2625 867 2682 su‘o'
900 2619 984 2682 loco
1014 2605 1187 2686 uberius³
1265 2673 1266 2678 ,

128 2729 359 2808 exponetur,
383 2723 439 2786 est
467 2742 661 2807 processus
693 2722 799 2786 vitae
837 2719 1062 2814 organicae.
1095 2747 1172 2790 re·
1183 2746 1187 2753 ’

125 2827 466 2913 productivus
498 2827 641 2925 quippe
669 2827 804 2891 stricte
838 2827 973 2908 talis,
993 2836 1059 2894 et
1072 2833 1171 2896 alter

126 2933 511 3007 destructirus,
534 2939 572 3020 et
602 2933 715 3018 debet
742 2938 903 3016 uterque
936 2918 1068 3014 justa
1081 2951 1172 3026 cou-

126 3049 275 3103 c'urrere
294 3034 468 3108 ratione,
491 3040 535 3097 ut
566 3033 780 3118 organismi
806 3039 978 3096 servetur
1007 3036 1171 3122 integri-

125 3148 197 3206 tas.
242 3137 356 3202 Varia
378 3143 506 3230 autenm
527 3133 666 3222 viget
652 3158 697 3199 ιιι
720 3135 883 3226 diversis
915 3141 1170 3222 organismis,

127 3245 280 3309 diversa
302 3245 450 3330 aetate,
473 3245 511 3304 et
533 3237 697 3326 (liversis
720 3233 980 3331 inpartibus
1003 3242 1185 3323 ejusdem

91 3375 94 3384 ·
129 3347 298 3433 corporis
329 3347 497 3411 evolutio
531 3351 570 3410 et
595 3343 865 3432 reprodu'ctio,
889 3350 1018 3437 estque
1044 3353 1171 3430 omnis
1269 3354 1271 3366 “

126 3449 432 3538 reproductlonis
465 3449 683 3513 differentia
712 3445 825 3513 certis
854 3445 1046 3542 adstricta
1073 3453 1169 3537 legi·

126 3556 222 3635 bus,
245 3575 337 3644 quas
355 3553 622 3650 perstringere
637 3525 752 3658 modo
759 3545 959 3620 volumus.

575 3751 622 3822 s·
665 3749 720 3813 ιο·
817 3730 820 3741 “

54 4011 56 4018 s
131 3927 357 3995 Variain
388 3928 618 3996 diversis
651 3929 965 4012 organismis
999 3949 1168 4014 rep-ro-

53 4027 57 4040 ’
556 4033 744 4102 ductio.

214 4173 412 4240 Generalis
432 4175 539 4257 viget
561 4171 603 4235 in
635 4159 857 4262 corporibus
887 4176 1170 4260 phaenerobio·

130 4279 181 4354 tis
199 4279 282 4354 lex,
306 4298 381 4364 qua
413 4273 692 4342 incrementum
725 4277 895 4360 corporis
924 4275 1074 4354 certos,
1090 4279 1171 4343 cui·
