2936 4998
227 474 230 484 s
257 409 329 500 art
370 409 456 477 Lu.
473 405 502 478 1.
524 408 611 475 car.
629 405 678 474 11.
692 407 752 474 Da
771 419 901 474 virsa
915 375 1248 478 consistamus.

267 567 354 619 cam
381 554 549 618 formare
576 548 633 613 sic
663 548 886 625 adnitatur,
910 553 949 614 et
974 555 1067 650 eam
1086 551 1316 621 mistionem

220 713 223 729 .
263 677 490 723 conservare
510 653 733 728 adlaboret,
755 658 799 717 ut
820 653 905 738 ipsa
925 659 1171 750 conservetur
1182 696 1195 732 ,
1215 655 1316 738 ejus·

264 781 340 848 que
360 763 533 844 potestas
554 755 604 828 ad
627 759 776 822 certum
802 755 1043 842 provehatur
1061 755 1317 840 perfectioni:

261 861 442 960 gradum·
456 969 460 976 Ι

670 1025 932 1150 'ess-'⁹

372 1282 375 1288 ·
493 1305 495 1308 ,
552 1251 1019 1339 Formaorganica.
1078 1285 1080 1290 ·
1144 1244 1149 1254 ’

347 1417 475 1496 Efficit
495 1416 677 1501 organica
704 1413 787 1493 vis,
808 1421 854 1479 ut
876 1434 1039 1500 corpora
1066 1416 1251 1502 organica
1271 1423 1315 1502 at

260 1526 440 1612 singulae
477 1541 610 1587 eorum
648 1517 778 1603 partas
807 1519 928 1584 talem
962 1529 1247 1606 consequantur
1276 1531 1317 1590 et

260 1632 459 1704 retineant
491 1611 692 1700 formam,
726 1643 823 1710 quae
856 1620 1103 1700 individuali
1143 1617 1314 1708 cujusvis,

257 1739 424 1812 naturae
448 1735 487 1795 et
507 1727 796 1795 conservationi
817 1726 896 1808 e'ius
918 1727 1063 1812 optime
1091 1729 1312 1814 respondet
1323 1795 1327 1800 .

139 1847 143 1864 ¹
262 1836 462 1902 Cernimus
481 1832 573 1906 hino
593 1836 724 1923 partes
753 1829 894 1899 fluidas
916 1836 954 1897 et
985 1829 1153 1910 solidas,
1176 1827 1315 1900 mouet

263 1943 303 2003 et
324 1932 631 2013 deramatam
651 1940 886 2000 structuram
908 1937 946 1999 et
963 1939 1181 2018 texturam,
1204 1945 1326 2024 ιιιιιῒ·ι

260 2060 335 2128 que
356 2039 490 2104 omnia
505 2039 562 2103 sic
584 2039 801 2115 fabricata,
824 2043 864 2113 ,et
882 2037 926 2104 in
948 2056 1068 2106 unum
1091 2026 1312 2134 conjuncta,

264 2150 311 2208 ut
329 2143 443 2210 unico
464 2165 530 2214 suo
558 2145 654 2221 fini,
676 2144 783 2208 vitae
813 2145 1123 2224 conservationi,
1146 2169 1191 2212 ex
1219 2152 1313 2213 voto

147 2332 150 2338 Ι
262 2246 550 2331 respondeant
575 2249 675 2312 Haeo
697 2252 826 2322 autem
850 2243 988 2311 cuncta
1018 2247 1195 2314 visibiles
1220 2267 1311 2313 con-

258 2353 434 2425 stituunt
470 2353 619 2428 formae
661 2352 866 2438 organicae
905 2348 1180 2450 conditiones,
1204 2371 1313 2439 ⁸,quae

262 2460 422 2544 quidem
443 2459 492 2523 ad
523 2441 695 2543 organici
721 2454 889 2542 corporis
919 2442 1120 2540 pertinent
1147 2455 1313 2541 integri-

135 2549 139 2560 ’
261 2567 408 2639 tatem,
430 2583 509 2627 non
529 2559 694 2627 tamen
682 2579 808 2645 ipsam
832 2559 955 2625 adhuc
985 2557 1166 2628 efficiunt
1199 2581 1312 2648 orga

260 2665 393 2740 nicam
412 2669 605 2738 formam,
628 2683 724 2750 quea
754 2664 987 2746 peculiarem
1000 2689 1020 2739 ,ι
1033 2666 1208 2736 sensibus
1238 2687 1309 2732 no·

256 2768 351 2844 ¹stris
382 2766 488 2832 haud
518 2765 795 2848 conspicuam,
827 2763 1311 2852 deposcit'oonfiguratioi·

260 2890 364 2942 nem.
397 2863 497 2934 Cum'
513 2869 618 2934 enim
638 2871 740 2936 actio
760 2871 890 2947 nulla,
912 2891 980 2935 seu
995 2872 1223 2946 mechanica
1238 2855 1327 2948 sit,

259 2991 329 3046 seu
359 2990 450 3034 vero
480 2972 653 3052 chemica
678 2979 744 3038 aut
772 2972 1008 3058 dynamics,
1031 2973 1176 3060 absque
1200 2979 1311 3042 motu

264 3074 439 3139 accidere
467 3077 589 3158 possit
615 3073 637 3159 (
647 3084 677 3153 ς.
697 3075 847 3180 6-»8.),
869 3087 1089 3160 supponere.
1105 3077 1286 3146 debemus
1298 3113 1312 3158 ,

264 3184 386 3244 certos
418 3178 700 3260 particularum
722 3178 911 3244 materias
940 3179 1146 3262 organicae
1173 3197 1310 3265 perpe·

263 3286 331 3348 tuo
354 3280 525 3345 accidere
544 3287 694 3360 motus,
717 3281 818 3368 quod
838 3281 996 3367 quidssn
1009 3288 1055 3352 ,et
1072 3282 1159 3366 ipsa
1182 3283 1312 3350 mani·
1392 3293 1398 3304 '

264 3383 432 3450 foetatur
464 3383 771 3467 reproductione,
823 3383 939 3448 Varia
967 3384 1060 3459 hino
1091 3385 1309 3469 particula·-

260 3508 352 3554 ·rum
374 3487 500 3571 figura
519 3493 557 3552 et
579 3488 779 3563 cohaesio,
802 3478 987 3572 variaque
1006 3487 1049 3552 in
1069 3489 1224 3573 organis
1250 3489 1311 3558 dis

259 3591 382 3660 versis
404 3589 551 3675 requiri
570 3589 724 3656 videtur
744 3611 956 3676 proscopo,
978 3593 1161 3678 organico
1183 3593 1311 3680 mebi·

265 3693 378 3773 litas,
401 3715 496 3781 quae
517 3716 646 3761 sensus
668 3693 822 3779 quidem
841 3696 1159 3781 fugiunt,nihilo
1178 3699 1312 3768 tamen

264 3797 394 3864 minus
415 3797 658 3866 essentialem
678 3797 827 3866 formae
848 3797 1312 3884 organicaeeanstituunt

263 3902 539 3968 characterem.
586 3903 652 3968 Est
686 3907 815 3968 autem
853 3903 982 3971 forma
1018 3901 1201 3986 organica
1240 3917 1312 3984 pro
1411 3921 1419 3943 ι

264 4003 527 4070 conservanda
547 4004 634 4089 ipsa
653 4005 834 4089 organica
850 4007 892 4074 vi
922 4005 1113 4073 hactenus
1141 4022 1314 4072 necessa«,
1402 4040 1407 4056 ι

263 4107 348 4185 ¹ria,
372 4115 415 4173 ut
432 4131 477 4174 ea
497 4109 625 4174 minus
647 4115 714 4174 aut
732 4109 820 4194 plus
852 4111 1048 4188 alienata,
1069 4109 1312 4200 vluptati·

263 4229 337 4290 aas
353 4217 522 4290 mutetur
543 4217 612 4286 aut
632 4213 788 4306 penitus
810 4212 999 4284 doleatur,¹
1021 4279 1026 4286 ,
1118 4267 1123 4282 ,

1115 4439 1127 4486 i
