2950 5002
388 399 592 462 Hrsroara
614 399 920 464 Pnrsroloomn·
1151 424 1193 488 99
1273 387 1276 393 ¹

148 543 295 606 branae
318 540 397 624 ejus
418 541 589 607 nominis
604 541 772 617 secerni,
795 561 914 629 eoque
939 543 1088 633 liquore
1108 548 1190 614 ioe-

150 653 235 712 tum
257 645 412 711 nutriri·
789 654 791 663 ⁴

231 806 405 890 systema
426 799 806 888 panepermiaa,
830 826 904 892 quo
936 815 1082 876 veterae
1111 831 1190 878 cre·

148 907 351 984 diderunt‚
375 909 565 972 elementa
585 929 650 972 eeu
670 911 787 976 ovula
814 932 942 978 rerum
972 915 1191 982 viventium

147 1008 321 1096 dispersa
342 1027 409 1093 per
430 1011 650 1102 universam
673 1032 750 1077 essa
769 1018 971 1092 naturam,
985 1035 1080 1102 quae
1101 1015 1191 1084 dein

145 1111 351 1198 particulis
388 1113 785 1196 spirituoso-aalinis,
816 1115 861 1180 in
899 1117 1009 1182 virili
1045 1118 1194 1184 camino
1242 1119 1245 1126 “

148 1217 375 1293 contentis,
407 1217 456 1280 ad
483 1219 543 1282 sui
571 1218 840 1284 evolutionem·
873 1207 1192 1300 concilenturm

148 1318 279 1398 Claud,
318 1317 519 1382 Punaaunr
549 1320 588 1382 h.
620 1325 648 1382 t.
678 1321 819 1385 iterum
850 1323 1119 1412 resuscitaban·
1148 1357 1192 1382 .-

144 1425 225 1489 Nic.
256 1426 449 1488 Sauuoms
479 1423 761 1508 Malpighii
786 1424 1043 1492 confirmavit.
1056 1429 1188 1493 obser·
1229 1477 1231 1486 ,

143 1531 345 1604 vationes,
380 1533 417 1594 et
447 1528 548 1592 Hier.
578 1529 783 1594 fleamus
811 1533 901 1613 1676·
923 1533 1038 1596 ovula
1069 1536 1191 1614 Graa-

144 1631 254 1696 fiana
275 1650 344 1713 pro
363 1629 556 1714 glandulis
579 1638 646 1696 aut
665 1631 920 1718 hydatidibus
953 1632 1187 1712 declaravit,
1223 1654 1230 1684 ³

148 1757 173 1798 a
205 1736 310 1818 Casp.
339 1732 648 1798 Bartholino
678 1733 756 1816 jun.
799 1735 1010 1798 refutatus:
1033 1738 1192 1819 negavit

137 1841 212 1930 „hic
239 1847 456 1928 praeterea,
488 1861 617 1906 aeman
650 1839 735 1906 dari
770 1843 1012 1922 femineum,
1038 1821 1194 1932 fuitque

150 1945 323 2028 primus,
347 1943 412 2029 qui
434 1942 667 2010 declaratum
690 1965 776 2012 eum
803 1947 1005 2012 humorem
1037 1971 1055 2014 e
1079 1950 1190 2034 glan-

151 2045 251 2120 dulis
275 2047 485 2128 mucipario
515 2047 617 2110 uteri
647 2051 684 2113 et
713 2050 900 2134 vaginae,
921 2056 1116 2132 prostatae
1137 2053 1192 2117 si·
1216 2096 1219 2108 ,

147 2147 330 2224 milibus,
353 2146 496 2211 effundi
526 2147 716 2226 ostendit;
739 2147 870 2214 docuit
890 2171 1029 2234 porro,
1052 2155 1191 2219 humo·

146 2269 334 2332 romaum
356 2249 403 2314 ad
424 2250 711 2334 generationem
737 2251 843 2316 nihil
864 2272 1019 2336 prorsus
1042 2258 1190 2324 confer-

143 2371 207 2431 re;
227 2373 357 2418 aeman
378 2353 494 2416 virile
515 2353 642 2434 ipsum
674 2352 721 2415 ad
742 2353 855 2417 tubas
885 2353 988 2418 haud
1009 2365 1191 2441 penetra·

144 2479 187 2530 re
207 2498 218 2531 ‚
239 2477 374 2522 verum
407 2455 656 2561 epirituosam
692 2456 818 2525 solum
855 2454 933 2539 ejus
963 2466 1112 2544 partem
1144 2483 1189 2559 ρο

143 2568 396 2652 pertingere3
430 2547 680 2655 ambryonem
711 2584 780 2648 per
812 2565 1037 2660 absorptum
1063 2571 1190 2654 liquo-

145 2691 229 2738 rem
264 2671 389 2762 amnii
408 2713 420 2750 ,
451 2691 529 2735 non
570 2687 660 2736 varo
690 2687 759 2753 per
790 2672 1019 2757 sanguinem
1049 2673 1189 2739 matris
1296 2658 1300 2667 ¹

147 2760 304 2841 nutriii.
336 2806 341 2815 ·

123 3009 127 3026 „
229 2935 428 3022 vigentem
458 2934 659 3002 evulorum
685 2927 880 3002 theoriam
906 2929 1066 3001 inventa
1098 2939 1191 3020 1677·

143 3038 382 3102 animalcula
401 3039 632 3121 sparmatica
652 3037 857 3106 infirmare,
886 3041 1103 3121 coeperunt.
1141 3041 1189 3102 E·
1271 3106 1277 3126 ,

143 3147 210 3206 rat
231 3141 371 3229 quippe
409 3139 501 3204 Lud.
529 3141 577 3204 ab
607 3141 786 3204 Hammuu
815 3138 935 3222 (mad.
955 3146 1039 3216 tum
1067 3125 1189 3206 audin
1238 3153 1249 3175 ²

124 3245 295 3332 Leia),
319 3244 384 3330 qui
406 3241 643 3308 animalcula
667 3233 1053 3335 aaLeeuwe'nho
1071 3247 1186 3310 ekio

144 3350 253 3434 priua
282 3346 479 3420 ostendit,
502 3347 593 3410 licei
622 3347 886 3410 Haarsoma
918 3347 1043 3412 tribus
1069 3344 1187 3412 'annis

143 3452 251 3536 prius
274 3471 318 3513 aa
335 3470 374 3513 se
394 3449 586 3514 invenisse
609 3447 834 3513 adseruarit.
857 3447 1059 3534 Propos'uit
1084 3471 1186 3516 nunc

143 3557 447 3632 Lunuwuuuonu
484 3571 626 3616 novam
660 3549 927 3642 ‘generationis
967 3551 1185 3627 theoriam,
1283 3615 1291 3628 ,

144 3657 304 3722 decanea
327 3655 371 3719 in
399 3637 545 3718 ovariis¹
571 3653 723 3719 nullum
764 3654 925 3719 existere
951 3655 1075 3718 futuri
1104 3675 1185 3718 em·

142 3758 307 3845 bryonia
345 3756 630 3834 rudimentum,
653 3773 787 3821 verum
819 3753 1055 3822 animalcula
1080 3776 1184 3839 sper-

145 3864 292 3928 matico
321 3864 531 3948 genuinum
561 3862 757 3926 continere
785 3856 986 3926 evolvendi
1015 3853 1185 3942 corporis
1294 3887 1298 3932 J

145 3972 185 4030 et
202 3966 355 4028 animae
375 3964 495 4048 ipsius
517 3939 693 4049 gordien,
716 3963 816 4050 quod
838 3959 880 4026 in
901 3967 1052 4026 uterum
1078 3960 1183 4026 dela-

145 4073 250 4143 tum,
270 4085 338 4149 per
379 4065 581 4131 ovulorum
617 4066 819 4130 humorem
848 4063 1043 4140 nutritur,
1066 4066 1183 4152 inqua

143 4169 395 4254 embryoneni
416 4153 710 4254 transmutaiur·
753 4167 931 4232 Adseruit
953 4161 1076 4246 idem,
1096 4169 1182 4233 ania
1210 4195 1213 4204 ·
1234 4229 1238 4239 ,

145 4270 314 4340 malcula
332 4289 377 4335 ea
395 4272 436 4336 in
459 4273 690 4338 canis-utero
713 4279 799 4354 post
818 4273 1040 4350 conceptum
1061 4288 1100 4334 aa
1121 4267 1184 4336 vi·

500 4397 503 4404 ·
681 4388 685 4393 ·
920 4367 993 4440 Ga
1054 4399 1058 4413 ι

512 4497 513 4500 ’
616 4489 623 4518 l
