2936 4998
244 349 334 484 Ι184
373 402 459 467 er.
482 383 625 466 Iccs'r.
646 393 710 462 111.
723 395 782 458 Dn
805 403 1248 460 strenuissimam.

265 567 337 632 pus
369 550 497 608 totum
525 537 723 603 volumine
765 535 987 609 minuatur,
1018 535 1200 607 vulnera,
1232 533 1312 598 sra-

266 659 397 719 cturae
416 653 560 717 ossium
581 645 793 726 aegerrime
812 641 1122 720 consolidentur,
1136 647 1174 708 et
1195 640 1314 706 amis-

265 777 309 820 sa
329 755 550 822 substantia
568 747 810 817 difficillime
828 732 1071 810 restituatur.

348 899 486 968 Variae
509 895 599 958 dein
615 893 618 900 '
632 890 802 973 corporis
833 893 963 971 partes
986 887 1095 952 vario
1129 888 1315 952 evolvun-

263 1009 329 1066 tur
357 1009 555 1082 tempores
579 998 621 1059 in
651 996 859 1079 embryone
891 993 1062 1055 humano
1096 993 1317 1074 septimana

265 1104 384 1168 tertia
415 1109 529 1184 caput
560 1097 818 1180 conspicitur,
852 1095 943 1158 duas
979 1093 1101 1157 totius
1140 1091 1313 1176 corporis

263 1206 399 1271 tertias
412 1203 608 1290 emetiens
620 1241 631 1275 ‚
657 1206 695 1262 et
715 1201 851 1264 crescit
874 1219 963 1281 pars
984 1198 1061 1261 ista
1083 1217 1151 1279 per
1172 1215 1315 1260 novem

261 1329 414 1376 menses
445 1308 552 1388 plus,
577 1323 692 1388 quam
720 1287 805 1366 toto
837 1303 943 1366 vitae
973 1306 1167 1382 tempore3
1190 1305 1317 1364 extre·

263 1413 448 1476 mitatum
466 1407 605 1492 primis
636 1404 944 1469 hebdomadibus
964 1404 1030 1467 vix
1045 1407 1232 1485 apparent
1246 1423 1315 1464 ve·

261 1516 396 1598 stigio.
426 1515 531 1578 'Post
572 1515 720 1574 sextam
768 1507 1027 1591 septimanam
1068 1527 1107 1569 os
1141 1509 1179 1568 et
1210 1505 1316 1569 oculi

262 1617 428 1684 formari
457 1615 675 1699 incipiunt,
699 1616 737 1675 et
769 1617 994 1694 comparent
1019 1611 1136 1693 paulo
1164 1607 1316 1672 tardius

266 1743 400 1796 aures,
431 1743 499 1784 nas
528 1743 567 1792 s,
592 1717 707 1801 digiti
740 1722 778 1778 et
809 1697 999 1798 genitalia
1028 1719 1196 1780 externa.
1239 1715 1314 1778 Nec

263 1825 422 1890 interna
442 1841 609 1905 organa,
630 1825 675 1882 ut
694 1819 904 1882 Hnttnlwi
934 1815 974 1880 in
997 1818 1194 1901 pullorum
1226 1819 1311 1883 ovis

179 1915 182 1922 ’
264 1925 438 1988 advertit
459 1923 521 2006 ”)
532 1963 543 1996 ,
566 1920 685 1984 simul
700 1921 932 1983 formantur.
975 1919 1139 1981 Diversa
1161 1923 1312 2001 praete-

264 2048 332 2091 rea
357 2029 587 2089 observatur
615 2023 657 2087 in
685 2025 906 2088 evolutione
933 2022 1173 2088 diversorum
1201 2043 1313 2108 orga-

263 2149 405 2200 norum
429 2125 753 2213 proportio,adeo
774 2133 819 2191 ut
839 2127 972 2216 aliqua
991 2127 1202 2208 perfectum
1223 2147 1334 2192 con-.
1454 2123 1457 2128 '

264 2237 477 2318 sequantur
513 2237 683 2306 statum,
707 2250 794 2294 cum
822 2231 903 2293 alia
933 2230 1000 2294 diu
1030 2229 1154 2294 adhuc
1191 2231 1334 2324 incre-l

264 2341 380 2422 scunt
398 2333 455 2418 a).
1164 2319 1168 2330 ⁸

348 2484 444 2548 Sunt
474 2488 513 2548 et
541 2481 637 2546 tales
672 2480 713 2542 in
751 2477 932 2560 organico
958 2459 1119 2564 ¹corpore
1158 2481 1312 2558 partes,

258 2603 361 2670 *quae
385 2557 794 2658 ite'rum.decrescunt·‚
818 2586 886 2642 aut
912 2582 1067 2664 penitus
1090 2579 1313 2664 disparent,

263 2688 356 2752 aliis
386 2687 563 2772 partibus
592 2705 707 2770 porro
736 2684 1050 2750 increscentibus.
1095 2686 1154 2747 Ita
1185 2680 1315 2763 dispa-

237 2779 352 2854 'rent
372 2791 414 2853 in
435 2791 543 2854 foetu
562 2789 733 2852 humano
757 2788 941 2852 allantois
951 2833 963 2866 ,
987 2789 1213 2852 obturacula
1232 2807 1316 2849 me-

166 2899 169 2906 '
264 2898 351 2957 atus
393 2891 615 2966 auditorii,
647 2891 875 2954 membrana
904 2893 1143 2978 pupillaris,
1176 2891 1313 2972 ductus

263 3015 428 3062 venosus
451 3003 488 3062 et
510 2996 741 3070 arteriosus,
763 3016 858 3059 vasa
885 2998 1154 3086 umbilioalia‚
1176 2997 1315 3058 valvu-

265 3103 306 3168 la
327 3103 524 3169 Eustachii
546 3107 585 3166 et
602 3099 789 3186 glandula
808 3102 979 3186 thymus.
1022 3101 1314 3184 Metamorpho-

262 3227 345 3281 ses,
381 3226 477 3292 quae
512 3205 554 3270 in
594 3203 804 3288 amphibiis
840 3206 1019 3267 obtinent
1052 3210 1089 3268 et
1128 3204 1312 3277 insectis,

260 3311 435 3392 partium
457 3308 734 3372 nonnullarum
757 3305 1042 3370 decrementum
1064 3307 1311 3372 manifestius

264 3411 474 3476 ostendunt
489 3411 550 3494 b).
594 3410 704 3493 Viget
727 3417 928 3490 praeterea
946 3412 978 3474 is
1001 3413 1103 3474 inter
1125 3411 1311 3493 reprodu·

263 3513 432 3578 ctionem
461 3511 700 3578 diversorum
733 3531 966 3595 organorum
996 3513 1311 3598 antagonismus,

262 3616 365 3704 quod
387 3615 575 3700 impedita
596 3614 741 3678 alicubi
764 3615 1007 3702 evolutione,
1029 3617 1247 3683 substantia
1266 3617 1311 3680 in

262 3720 361 3782 alias
386 3739 425 3781 se
445 3722 647 3781 convertat
660 3717 812 3798 'partem
836 3718 1042 3782 ostendunt
1067 3719 1141 3782 hoc
1160 3717 1311 3802 praeci·

263 3842 336 3904 pue
359 3821 567 3886 monstrosi
589 3819 738 3892 foetus,
761 3823 799 3882 et
819 3819 968 3886 habent
988 3822 1169 3908 pygmaei
1195 3825 1312 3906 caput

147 3910 166 3941 ‘¹
263 3924 522 4008 utplurimum
544 3920 688 4006 grands
714 3921 774 4008 c).‚
803 3943 809 3954 ·

351 4067 502 4130 Dantur
529 4067 729 4145 praeterea
762 4079 907 4143 organa
938 4057 1114 4135 diversa,
1146 4073 1310 4152 quopum

264 4164 506 4252 reproductio
519 4163 738 4249 inquadam
751 4163 884 4244 existit
895 4163 1139 4250 sympathia,
1151 4161 1319 4239 adeo,·ut'

178 4337 183 4358 ,
262 4271 379 4340 simul
400 4269 632 4334 evolvantur
644 4273 759 4353 atque
770 4267 887 4360 simul
908 4269 1028 4337 etiam
1039 4274 1212 4351 pereant.
1233 4269 1312 4336 Ad·
