2936 4998
347 419 454 484 secr.
476 421 503 480 Ι.
523 417 582 480 De
605 429 947 485 nurnonuerrour.
1040 467 1045 476 .
1122 429 1186 505 283

606 565 636 634 §-
677 566 733 629 81.
855 543 858 556 ’

143 745 611 816 Aetatis'iniluxus
635 743 686 810 in
716 746 1183 831 reproductionem.

149 935 154 944 ·
223 911 340 976 Varia
360 916 416 974 est
447 909 684 971 diversorum
719 909 1027 992 organismorum
1054 917 1185 984 aetas,

141 1012 243 1077 undo
265 1017 303 1076 et
324 1011 519 1074 diversum
540 1009 750 1094 requiritur
770 1016 946 1094 tempus,
970 1031 1043 1097 quo
1075 1013 1185 1076 evol-
1271 997 1273 1002 ¹

142 1120 304 1190 vantur,
335 1119 468 1204 suique
500 1121 781 1200 consequantur
811 1117 1114 1199 per-sectionem,
1148 1123 1187 1183 et
1226 1123 1249 1164 V

141 1218 228 1302 ips'a
259 1219 379 1282 etiam
414 1235 558 1301 organa
589 1217 741 1281 diversa
773 1216 940 1296 ejusdem
971 1217 1187 1300 organismi

138 1324 352 1408 peculiares
369 1325 513 1388 habent
531 1323 835 1407 reproductionis
856 1328 1013 1388 aetates.

224 1489 317 1570 Ipse·
329 1487 445 1552 homo
460 1493 571 1551 tanto
594 1485 753 1552 celerius
775 1485 956 1550 increscit
974 1487 1188 1562 volumine,

141 1613 215 1678 quo
246 1593 399 1677 propior
440 1599 496 1658 est
537 1595 680 1680 origini
702 1637 723 1672 ,a
748 1598 838 1664 licet
874 1595 1038 1682 aliqua,
1069 1592 1188 1658 inter·
1268 1665 1270 1668 ,

140 1696 249 1765 valia
267 1697 347 1762 sint
375 1696 582 1778 temporis,
609 1699 745 1782 quibus
772 1698 942 1766 evolutio
970 1695 1189 1766 retardatur

142 1804 180 1863 ct
210 1798 454 1868 acceleratur.
496 1802 733 1880 observavit
759 1800 862 1864 enim
894 1783 968 1864 Cel.
1001 1801 1188 1868 stunta-

122 1893 260 1984 'Rntc,
281 1905 512 1988 embryones
545 1907 709 1970 secundo
743 1925 872 1976 mense
898 1906 1042 1995 lentius
1065 1904 1188 1974 incre-

135 2004 246 2072 *scere
269 2027 383 2091 quam
405 2008 645 2084 terti03'cum
668 2008 783 2074 initio
798 2009 927 2096 qwli
941 2007 1083 2072 iterum
1109 2006 1191 2076 ien-

144 2111 246 2185 tius-‚3
269 2130 291 2172 a
319 2109 446 2176 medio
481 2111 610 2194 quarti
639 2113 781 2174 mensis
812 2093 930 2196 usque
950 2093 1101 2177 sextum
1123 2131 1215 2176 auu

127 2211 253 2294 geri,
276 2212 379 2274 etab
400 2212 475 2275 isto
497 2217 670 2295 tempore
701 2233 819 2295 usque
850 2233 996 2276 nonum
1019 2231 1189 2280 mensem

128 2304 425 2380 ¹incrementum
448 2315 639 2379 retardari
659 2318 712 2402 ⁸³).
745 2314 992 2398 Respondent
1009 2316 1087 2379 sibi
1108 2334 1192 2377 ma-

143 2420 247 2483 xime
272 2419 464 2502 appositio
485 2425 522 2482 et
546 2417 695 2482 ablatio
716 2416 891 2498 partium
912 2415 1190 2496 injuventute,

146 2531 278 2618 estque
320 2525 394 2594 hac
425 2524 553 2586 aetate
583 2519 849 2584 intensissima
889 2519 1076 2587 materiae
1107 2539 1193 2603 per-

143 2627 332 2701 mutatio,
353 2625 454 2690 unde
475 2631 514 2688 et
532 2617 664 2714 corpus
686 2623 855 2686 maxime
874 2623 1055 2687 increscit
1075 2626 1113 2686 et
1131 2641 1192 2686 re«

142 2727 347 2812 productio
379 2733 547 2796 maxime
570 2732 687 2817 viget.
730 2729 907 2797 Videmus
936 2733 1029 2800 hinc
1062 2735 1190 2802 aetate
1247 2759 1250 2774 ι

146 2835 226 2899 ista
255 2856 447 2899 summam
484 2856 563 2899 esse
599 2833 916 2918 reproductionis
945 2837 1029 2900 vim
1040 2833 1194 2911 ‚adeo,

143 2945 189 3001 ut
209 2939 372 3003 vuln'era
391 2923 580 3002 citissime
613 2935 921 3011 consolidentur,
944 2944 982 3001 et
1010 2937 1190 3001 substan-
1243 2921 1271 2970 fl.

143 3043 203 3105 tia
236 3042 436 3124 deperdita
471 3041 624 3104 facilius
656 3059 772 3123 quam
802 3047 983 3124 sequente
1021 3048 1194 3125 tempore

143 3144 383 3214 restituatur·
426 3142 515 3205 lnde
543 3141 662 3204 etiam
682 3145 759 3214 est,
782 3142 882 3225 quod
913 3143 1041 3207 morbi
1061 3147 1192 3227 repro·-

145 3247 361 3322 ductionis,
394 3245 608 3320 rhachitis,
636 3245 889 3338 scrophulosa
916 3247 1105 3331 adfectio,
1126 3269 1191 3313 en-

146 3345 375 3424 anthemata
405 3349 515 3432 yaria
538 3353 609 3412 etc.
632 3348 675 3442 in
702 3347 827 3428 pueris
857 3353 940 3411 tarn
969 3349 1192 3435 frequenter

146 3459 359 3528 occurrant.
402 3453 621 3517 Pubertatis
641 3458 832 3535 tempore,
852 3453 919 3515 ubl
951 3460 1076 3535 cetera
1110 3475 1192 3518 cor-

145 3559 250 3641 poris
278 3577 422 3642 organa
443 3577 552 3622 suam
580 3555 793 3639 plurimum
823 3557 1036 3640 attigerunt
1067 3558 1193 3640 perfe-

150 3663 343 3736 ctionem,
353 3658 540 3743 genitales
561 3643 803 3741 explicantur
821 3665 948 3740 partes
961 3704 972 3735 ,
985 3665 1023 3723 et
1039 3659 1191 3744 impen-
1219 3685 1221 3690 ’

149 3767 257 3854 ditur
279 3765 393 3836 modo
410 3766 518 3828 'haud
540 3764 833 3854 exigua'vitalis
867 3762 1044 3852 energiae
1060 3765 1189 3851 satque

36 3941 38 3946 ,
148 3873 387 3937 substantiae
417 3873 621 3955 organicae
651 3873 848 3960 quantitas
875 3873 917 3936 in
944 3874 1068 3937 vitam
1100 3892 1189 3954 pro·
1232 3851 1242 3862 ’

146 3976 386 4059 pagativam.
429 3977 633 4058 Ingruente
668 3982 821 4040 senecta
850 3976 975 4038 omnis
1001 3959 1193 4038 minuitur

147 4075 253 4140 vitae
271 4076 401 4160 vigor,
424 4077 558 4162 etipse
579 4078 698 4141 etiam
721 4076 1013 4162 reproductivus
1039 4097 1192 4160 proces·
1242 4141 1243 4146 ,

134 4189 215 4242 'sue
245 4157 303 4242 i'ta
338 4190 437 4246 nunc
474 4181 689 4259 decrescit,
721 4187 765 4246 ut
798 4181 993 4264 appositio
1026 4182 1190 4246 minime

150 4281 378 4368 respondeat
395 4283 610 4364 ablationi;
630 4283 720 4350 inde
739 4283 859 4370 igitur
885 4289 941 4348 est
952 4329 965 4362 ,
988 4281 1088 4366 quod
1109 4303 1190 4350 cor·
