2920 4998
273 414 318 464 ,η
544 441 551 453 ,
634 369 890 448 isonam.
1042 389 1051 422 ⁸

192 515 196 520 ¹
276 561 351 627 qua
370 545 501 610 tamen
522 529 646 600 adhuc
677 536 877 596 ramaneat
908 529 950 592 in
974 531 1197 595 substantia
1227 551 1321 598 nao-

276 637 491 726 composita
521 636 568 702 ad
600 635 832 699 alterutrum
860 616 1102 717 principium
1137 639 1322 702 attractio

273 747 344 832 h);
373 761 533 830 cumque
561 737 783 804 substantia
813 735 940 800 omnis
973 736 1014 798 in
1048 730 1234 820 perpetuo
1267 741 1322 804 sit

274 853 455 912 contactu
475 863 562 908 cum
581 839 812 906 substantiis
834 838 944 914 aliis,
969 846 1007 904 at
1028 840 1323 925 imponderabi-

272 951 372 1016 lium
394 947 542 1014 actioni
564 950 785 1020 constanter
804 941 857 1006 sit
875 944 1073 1027 exposita,
1092 942 1230 1029 quibui
1253 945 1322 1009 ad-

165 1073 168 1088 ·
270 1052 447 1120 finitates
467 1041 662 1114 chemicae
685 1047 951 1112 indesinenter
980 1052 1203 1112 mutantur:
1237 1067 1322 1112 ma-

272 1156 458 1221 nifestum
479 1137 561 1228 est,
585 1151 732 1215 nulla
746 1172 784 1215 m
807 1151 892 1215 dari
919 1151 968 1216 in·
979 1151 1162 1216 universa
1180 1157 1323 1216 natura

271 1249 552 1330 substantiam,
577 1275 673 1341 quae
690 1255 912 1319 absolutam
935 1255 1080 1322 habeat
1098 1256 1324 1322 indifferen-

271 1362 371 1425 tiam
393 1359 791 1434 chemicam.-Licet
811 1359 932 1443 igitur
953 1359 1002 1422 ad
1026 1361 1210 1426 unionem
1232 1383 1325 1429 con-

272 1467 421 1528 stanter
443 1463 581 1527 tendat
602 1467 765 1537 natura,
790 1467 827 1526 et
854 1461 1072 1527 differentes
1098 1465 1324 1530 individua-

194 1651 196 1658 Α
273 1566 372 1629 lium
403 1585 607 1652 corporum
632 1565 735 1628 vires
767 1563 989 1632 annihilare
1013 1567 1240 1642 adnitatur,
1263 1568 1326 1631 vi-

271 1693 331 1735 res
357 1677 488 1736 tamen
511 1673 696 1756 physicae
720 1676 758 1734 et
789 1663 985 1736 che'micaie
1009 1672 1058 1742 ad
1085 1693 1196 1744 suum
1224 1692 1323 1736 nun·

273 1794 390 1860 quam
409 1773 637 1858 pertingunt
663 1773 964 1858 aequilibrium
984 1773 1093 1857 viget
1121 1775 1214 1838 hinc
1236 1795 1325 1858 per·

272 1880 410 1964 petuus
435 1877 476 1940 in
499 1881 642 1952 natura
663 1869 888 1951 conflictus,
915 1896 988 1960 quo
1015 1869 1125 1941 nulla
1152 1897 1325 1962 unquam

274 1977 697 2042 concediturabsoluta
718 1978 1018 2064 quies‚ipsaque
1039 1979 1219 2064 perennis
1234 1981 1325 2044 uni-

272 2083 376 2154 versi
398 2084 559 2167 ponitur
580 2077 675 2148 vita.
719 2085 766 2150 Et
787 2083 845 2147 ita
865 2105 1061 2168 processus
1084 2083 1152 2148 ille
1174 2085 1323 2149 chemi-

275 2205 361 2260 cus,
393 2205 467 2271 quo
497 2186 680 2250 universa
710 2186 867 2272 quidem
899 2193 1041 2252 natura
1070 2186 1204 2253 eadem
1233 2210 1324 2255 con·

273 2291 422 2366 stanter
459 2297 624 2367 manet,
657 2290 865 2355 individua
893 2296 1026 2364 tamen
1061 2313 1223 2375 corpora
1254 2312 1324 2376 per

265 2391 455 2478 tanalysin
479 2399 516 2466 et
538 2390 751 2482 synthesin
769 2400 956 2482 perpetuo
989 2402 1211 2514 mutantur,
1232 2395 1323 2462 infi

270 2497 362 2588 nita
382 2500 588 2568 continuat
612 2499 723 2598 serie

358 2643 453 2705 Cum
474 2640 671 2704 chomicae
693 2637 904 2706 accidunt'
892 2660 934 2702 ιιι
952 2643 1119 2708 materia
1134 2643 1322 2709 mutatio

199 2791 201 2794 -
274 2768 364 2820 nes,
393 2743 652 2828 proprietates
687 2739 765 2824 ejus
787 2746 826 2805 et
854 2742 957 2834 vires
981 2744 1053 2828 (55
1069 2765 1101 2830 5.
1123 2749 1177 2830 6)
1204 2749 1323 2812 simul

275 2836 500 2922 mutantur,
533 2865 575 2908 ac
606 2865 684 2909 una
714 2847 947 2931 expanditur
978 2851 1041 2913 vel
1066 2852 1322 2915 contrahitur.

257 2931 621 3033 ,Expansioautem
643 2951 681 3012 et
704 2950 919 3014 contractio
941 2971 1027 3015 cum
1055 2953 1174 3036 spatii
1195 2953 1322 3037 jungi,

276 3061 342 3144 tur
371 3051 607 3126 mutatione,
634 3070 730 3136 quae
753 3050 857 3117 idem
877 3053 1013 3139 utique
1046 3059 1101 3117 est
1127 3076 1212 3120 cum
1235 3077 1319 3121 mo·

275 3153 320 3220 t'u
345 3154 438 3240 (§.6.
460 3176 497 3217 ιι.
518 3155 571 3240 ι.)
587 3174 598 3232 ;
616 3151 706 3216 inde
727 3157 817 3218 vero
836 3156 1029 3240 sequitur,
1050 3178 1203 3220 omnem
1229 3180 1320 3242 pro·

279 3278 424 3322 cessum
447 3257 664 3321 chemlcum
686 3275 771 3320 cum
795 3253 903 3322 motu
930 3258 1126 3340 junctum,
1151 3263 1320 3350 adeoque

276 3363 320 3450 iu
339 3365 465 3450 spatio
486 3369 523 3428 et
544 3369 717 3446 tempore
737 3361 1015 3430 advertendum
1036 3391 1126 3446 esse,

382 3505 415 3572 ff)
435 3499 505 3558 Alis
530 3491 576 3556 e'st
596 3489 737 3557 attrdctio
759 3501 938 3562 similarium
968 3507 1217 3573 substantiarum,
1236 3517 1270 3562 ut
1287 3507 1320 3566 in

347 3603 445 3660 aquae
463 3597 494 3642 et
513 3588 656 3642 mercurii
684 3587 811 3660 guttulis
830 3587 1031 3660 advertimus,
1051 3612 1127 3668 quae
1153 3595 1319 3666 poleritate

345 3676 489 3736 electi-ica
504 3685 556 3730 aut
569 3675 755 3748 magnetica,
774 3685 808 3729 ut
824 3677 982 3748 probabile
1001 3693 1065 3749 est,
1084 3683 1207 3747 accidit,

347 3787 352 3800 ‘
385 3789 491 3858 ”plu
516 3786 725 3862 aggregatione
749 3784 916 3864 particulas
940 3791 1155 3866 heterogenese
1176 3795 1257 3864 juna
1285 3811 1319 3850 se

345 3875 464 3950 positae
480 3883 594 3932 tantum
610 3885 764 3940 sunt,nee
782 3879 924 3934 materiae
942 3879 1022 3934 vires
1039 3891 1132 3936 semet
1148 3892 1320 3954 penetrant3

345 3964 407 4018 tale
424 3958 590 4036 exemplum
605 3961 747 4016 habemus
766 3961 796 4016 in
819 3964 942 4020 mineris
959 4003 967 4032 ,
986 3984 1002 4020 e
1021 3967 1161 4040 pluribus
1187 3967 1320 4024 metallis
1358 3955 1364 3968 ⁸

349 4062 381 4116 et
403 4051 508 4116 terris,
530 4065 607 4122 quae
633 4047 807 4106 mechanica
831 4061 897 4109 arte
922 4051 1012 4108 facile
1030 4065 1227 4128 separantur,
1250 4073 1320 4111 con·

348 4141 439 4201 datis·

381 4252 461 4322 m)
480 4247 689 4304 Contractivae
702 4250 838 4324 oxygonii
855 4251 935 4304 vires
957 4267 1013 4326 per
1026 4251 1110 4307 varia
1127 4225 1318 4312 manifestan-

283 4321 286 4330 ¹
346 4353 398 4398 sur
417 4339 638 4414 phaenomena:
664 4353 715 4411 gas
739 4337 955 4412 hydrogenium
972 4375 982 4402 ,
999 4340 1068 4405 ubit
1085 4359 1150 4394 cum
1173 4340 1319 4412 oxygonio
