2920 4998
331 402 463 467 srunrr
482 399 754 466 Ριιιιιοιοιιιοι
771 400 998 500 Messenes·
1145 423 1189 490 33

10 629 15 650 Ι
136 545 361 636 gastonem,
391 549 495 616 solae
526 547 813 633 apparitiones,
844 568 936 634 quas
960 545 1046 633 ipse
1076 551 1192 615 exhi·¹¹

53 693 56 710 ι
136 655 207 720 bet
226 651 560 729 natura‚minime
580 651 692 720 nobis
716 651 924 718 sufiiciunt·
967 653 1186 721 Necessaria

138 757 233 823 inde
261 755 376 820 nobis
409 755 511 821 fiunt
544 756 922 839 experimenta,
953 755 1091 841 quibus
1124 757 1188 822 ιιι·ΙΙ

41 931 46 941 ,
118 879 225 944 Ιιιιιιι
252 848 638 945 pervestigandarum
665 865 811 926 statum
848 861 958 926 vario
990 861 1188 930 mutamus

137 964 277 1040 modo,
302 983 374 1050 quo
395 983 536 1028 nexum
565 963 921 1048 phaenomenorum
952 983 1037 1027 cum
1060 955 1185 1030 causis

136 1066 217 1132 suis
238 1085 364 1151 perro.
383 1053 514 1132 eruere
536 1065 763 1132 adnitimur·
801 1067 964 1154 ‚Summe
994 1070 1124 1130 eutem
1147 1075 1187 1136 et

134 1167 202 1234 hic
220 1167 432 1252 requiritur
453 1188 566 1245 cura,
589 1187 663 1254 quo
688 1167 838 1234 effectui
860 1174 962 1233 certo
986 1168 1187 1239 evidentes

136 1269 402 1334 adscribamus
424 1288 578 1347 causas,
600 1277 784 1356 cauteque
799 1261 1009 1336 uitandum
1033 1279 1111 1347 est,
1135 1288 1186 1335 ne

136 1379 319 1438 eventum
340 1390 411 1458 pro
434 1391 547 1438 cause
576 1375 640 1439 vel
666 1392 819 1438 causam
840 1392 919 1460 pro
943 1378 1081 1440 eventu
1117 1373 1186 1438 de·

136 1477 337 1542 claremus
365 1478 528 1553 „Decet
556 1481 759 1561 praeterea
787 1491 922 1542 verum
957 1477 1185 1541 observato·

134 1599 220 1646 rem
241 1567 279 1645 e’t
298 1581 688 1664 experimentatorem
717 1551 974 1666 simplicitas,
994 1581 1182 1648 veritatis

135 1705 269 1761 emor,
293 1684 436 1769 absque
454 1683 538 1748 ulle
559 1691 838 1770 praeconcepta
867 1683 1086 1780 opinione,
1098 1685 1187 1772 qui-

135 1793 200 1852 eta
219 1787 344 1850 animi
362 1787 512 1852 indoles
522 1805 681 1891 ,eaque,
695 1807 791 1874 quae
807 1787 1014 1854 veritatem
1025 1832 1036 1866 ,
1048 1808 1186 1878 quam

49 1941 60 1952 .
132 1891 194 1954 vis
227 1889 522 1980 opinionibus
509 1893 632 1975 rpsius
668 1891 929 1967 contrariam,
958 1897 1092 1958 tamen
1123 1893 1184 1955 lu-

132 1995 271 2060 benter
304 1993 472 2077 accipiat
508 2000 546 2058 et
576 1993 752 2061 foveatst
782 1989 1053 2082 (sprengsl
1086 1997 1182 2061 Inst

132 2095 247 2181 rhys-
270 2095 298 2158 1·
289 2114 356 2179 ··r
379 2095 455 2194 se)

213 2267 257 2352 4)
295 2267 389 2332 Cum
424 2263 467 2330 in
506 2209 805 2352 pervestiganda
836 2265 979 2330 natura
1007 2231 1183 2330 humatis

129 2385 201 2438 nec
221 2370 426 2436 observata
447 2367 581 2432 debite
599 2368 804 2434 instituere
822 2368 965 2452 ubique
986 2375 1056 2430 nec
1076 2368 1183 2451 peri

131 2474 219 2537 cula
235 2471 395 2537 facere
383 2492 425 2534 ιιι
446 2489 555 2548 οιιιιιιΙ
579 2489 667 2536 casu
694 2469 951 2544 veleamus,
939 2469 1033 2552 rpsis
1058 2469 1182 2534 etiam

126 2571 529 2662 hypothesibus,
554 2591 650 2658 quae
671 2571 714 2637 in
736 2571 845 2636 omni
865 2563 1028 2658 naturae
1047 2570 1179 2636 studio

126 2669 399 2766 requiruntur,
419 2697 546 2743 carere
564 2676 670 2743 haud
689 2695 903 2762 possumus.
934 2651 1089 2742 Utimur
1109 2696 1180 2740 eu·

127 2791 209 2850 tem
238 2782 455 2870 hypothesi
486 2788 602 2857 tunc,
633 2781 703 2844 ubi
736 2779 1021 2846 certitudinem
1040 2781 1180 2850 sistere
1226 2816 1229 2823 ·
1264 2831 1267 2844 .

126 2904 209 2953 non
229 2902 453 2970 possumus·
473 2885 685 2948 statuimus
713 2903 850 2968 nempe
880 2869 1008 2968 prob
1020 2883 1177 2948 ebili-

71 3015 74 3020 ·
125 2989 291 3057 tatem
321 2985 499 3054 derebus
531 2982 715 3062 occultis,
738 2985 857 3070 deque
889 2986 1177 3071 phaenomeno-

123 3117 214 3164 rum
235 3095 380 3172 causis,
395 3115 468 3188 per
497 3092 720 3176 analogiam
739 3088 802 3156 vel
828 3109 896 3174 per
925 3109 1065 3176 peuces
1084 3097 1176 3154 tan

81 3205 102 3244 ‘x
123 3205 212 3267 tum
235 3195 524 3264 obseruationes
547 3216 590 3259 eo
608 3193 766 3267 inviati·
809 3193 887 3256 Hac
908 3193 1029 3278 igitur
1050 3193 1175 3257 ratio-

121 3319 173 3366 ne
205 3299 268 3366 vel
300 3300 422 3366 causis
462 3297 657 3384 cognitis
664 3295 818 3360 effectus
848 3294 1058 3360 tribuimus
1093 3313 1176 3362 ιιοιι
1226 3311 1234 3332 “

123 3399 296 3478 evictus,
325 3406 393 3466 aut
423 3408 582 3467 eventus
613 3398 787 3484 cognitos
820 3397 943 3462 causis
983 3373 1173 3462 adscribis

121 3523 209 3572 mus
230 3524 309 3572 non
336 3502 569 3572 evincendis

205 3669 369 3754 Magnes
386 3663 593 3752 dignitatis
622 3657 857 3751 hypotheses
882 3650 1084 3726 aestimari
1105 3647 1171 3719 de·

117 3769 243 3839 bent
230 3793 274 3838 ιιι
289 3771 533 3839 naturalibus
554 3771 751 3846 scientiis,
770 3767 962 3855 siquidem
979 3761 1072 3831 vel
1061 3776 1172 3844 rpsae

118 3877 413 3944 ohservationes
435 3876 483 3940 ad
503 3881 649 3940 certum
670 3875 840 3962 aliquem
862 3869 981 3936 finem
1011 3859 1171 3933 institui
1239 3862 1243 3878 ⁶

117 3971 308 4057 debeant,
328 3985 373 4044 ut
392 3998 510 4045 nexus
547 3981 749 4043 causarum
784 3981 822 4042 et
848 3973 1054 4041 eventuum
1086 3961 1172 4033 erui

114 4079 264 4165 possit;
284 4099 413 4146 rerum
432 4085 637 4170 praeterea
654 4087 692 4144 et
712 4077 1068 4165 phaenomenorum
1100 4057 1170 4134 va-'

115 4181 260 4258 rietes,
280 4183 359 4248 nisi
380 4183 582 4251 deficienti
604 4182 728 4246 adhuc
763 4171 1008 4246 certitudini
1027 4171 1169 4257 proba-

110 4285 316 4353 bilitatem
340 4287 620 4356 substituamus
631 4327 643 4364 ‚
663 4288 707 4351 in
726 4276 859 4352 ueram
886 4279 1067 4365 conjungi
1089 4295 1170 4343 non
1207 4337 1215 4378 s

154 4404 382 4476 Llunossdx
399 4411 570 4502 Physiol.
591 4409 690 4518 med.
711 4407 793 4473 Vol.
814 4407 843 4470 1.
1008 4401 1037 4466 0
1191 4388 1206 4457 l
