2950 5002
291 391 350 458 108
499 345 512 365 x
717 381 938 457 Iuensss'us.

283 525 447 604 sidunt3
478 520 619 591 residet
656 523 699 587 in
737 524 920 600 cerebro,
953 522 1020 586 ubi
1061 525 1328 603 sensationes,
1451 585 1452 602 ,

248 626 250 637 ’
282 629 533 716 phantasiam
571 634 610 714 et
640 627 881 694 intellectum
915 629 1098 709 suscitat3
1120 631 1330 714 praecipua

283 743 414 798 autem
436 734 590 799 animae
618 733 723 806 sedes
744 733 798 796 in
820 731 1005 817 glandula
1034 733 1180 816 pineali
1212 725 1329 822 qua'e·

281 837 401 902 reuda
428 840 506 910 est,
529 835 718 923 siquidem
747 855 919 922 organon
949 835 1022 900 hoc
1041 837 1168 922 impar
1193 840 1263 917 sit,
1288 847 1328 906 et
1451 853 1452 864 ¹

281 942 402 1012 talem
431 939 578 1015 lrabeat
597 937 788 1024 positum,
810 945 854 1004 ut
873 939 1012 1006 vitales
1040 941 1199 1029 spiritus
1225 964 1327 1008 eca-
1451 997 1452 1020 1

281 1046 342 1108 vis
373 1043 569 1128 snoephali
597 1042 771 1129 'recipere
804 1045 991 1112 faciIHme
1020 1048 1155 1130 possit·
1199 1049 1329 1134 Oppo·
1451 1045 1452 1066 ¹

282 1148 362 1212 suit
390 1147 597 1233 hypothesi
624 1133 713 1212 huie
737 1146 818 1231 ipse
842 1148 921 1232 jam
943 1151 1138 1216 Hunrrusz
1162 1153 1329 1237 glandu·
1451 1191 1452 1204 κ

161 1307 163 1316 .
283 1252 362 1336 lain
386 1251 581 1335 pinoalem
602 1249 707 1325 haud
728 1251 885 1314 unicam
905 1273 985 1316 esse
1011 1254 1212 1336 encephali
1234 1255 1329 1321 soli·

281 1353 424 1418 teriam
444 1360 594 1436 partem
614 1373 626 1431 ;
649 1353 828 1419 sabulum
857 1353 968 1426 inea
996 1375 1109 1436 saepe
1140 1355 1325 1438 reperiri,

281 1457 383 1541 quod
404 1457 557 1520 animae
575 1455 795 1520 functiones
816 1449 934 1519 facile
963 1455 1191 1540 impediret}
1205 1458 1327 1522 deni·

281 1577 354 1646 que
377 1557 532 1644 partem‘
547 1560 670 1636 hanc,
691 1565 736 1626 ut
761 1565 942 1625 anatome
972 1559 1104 1637 docet,
1126 1578 1194 1644 per
1222 1581 1327 1630 mor·

278 1660 356 1740 bos‘
372 1685 484 1748 saepe
507 1662 664 1730 destrui.

361 1821 602 1897 Sensationes
614 1864 626 1898 ,
649 1831 695 1888 ut·
715 1823 933 1890 Caurusws
956 1821 1086 1898 docet,
1108 1825 1324 1908 permotus

278 1910 540 2004 suscitantur,
560 1927 639 2016 'qui
678 1930 726 1994 ab
767 1920 1087 2015 impressionibus
1128 1928 1327 2006 externis,

281 2035 465 2103 sensuum‘
478 2033 608 2098 nervis
630 2032 754 2100 illatis
772 2041 990 2117 ponuntur,
1011 2035 1130 2127 ¹inque
1151 2021 1326 2118 ergeuen

278 2138 448 2209 sentrale
476 2139 650 2226 terebri,
672 2139 898 2223 glandulam
935 2139 1131 2224 pinealem
1160 2138 1324 2222 quippe,

149 2295 152 2302 .
276 2249 553 2339 propagantur.
597 2243 758 2308 Ponitur
781 2248 865 2309 tu'm
886 2244 1071 2329 glandula
1097 2240 1264 2324 pinealis
1282 2240 1330 2305 in·

277 2350 405 2408 motus
429 2347 557 2412 varios
582 2352 619 2410 et
647 2348 910 2423 vibrationes,
935 2341 1031 2434 quae
1064 2344 1212 2412 cerebri
1233 2364 1326 2408 van·
1451 2365 1452 2368 ¹

277 2448 429 2514 triculis
448 2455 486 2516 at
511 2450 700 2516 vitalibus
731 2450 1069 2516 communicantur
1100 2446 1325 2531 spiritibus3

278 2558 490 2626 nascuntur
518 2551 606 2618 inde
634 2552 906 2636 impressiones
935 2558 973 2616 et
1001 2551 1169 2636 vestigia
1179 2589 1201 2626 ‚,
1212 2547 1326 2615 fibris
1369 2559 1371 2566 ’

279 2655 560 2723 medullaribus
604 2652 747 2720 cerebri
792 2655 1037 2721 inhaerentia
1056 2652 1324 2735 {materialia

274 2759 371 2826 haec
390 2759 557 2843 vestigia
577 2761 811 2842 pronunciat
831 2760 867 2823 C.
890 2765 927 2824 et
949 2765 1149 2841 comparat
1169 2778 1213 2822 ea
1236 2776 1324 2822 oum

275 2862 418 2947 papyri
452 2862 576 2948 rugis,
600 2863 680 2928 imo
711 2865 847 2952 figuris
876 2864 992 2946 plane
1025 2875 1070 2928 ea
1111 2862 1323 2948 descripsit.

276 2965 449 3049 vestigia
477 2967 572 3032 haee
597 2967 912 3038 reminiscentiae
936 2974 974 3031 et
995 2968 1203 3040 memoriae
1232 2986 1324 3032 con·

156 3095 162 3108 ·
276 3069 661 3136 stituunt'stamina·
705 3071 974 3138 Absolvuntur
999 3069 1233 3134 sensationes
1262 3069 1326 3133 in·

278 3175 489 3260 ternarum,
522 3171 760 3240 fibrillarum
799 3193 1029 3239 nervearum
1068 3173 1324 3254 vibratione;

197 3347 200 3354 ¹
279 3281 407 3349 motus
439 3281 567 3344 autem
599 3281 828 3360 ponuntur,
858 3297 945 3341 cum
980 3276 1119 3341 vitales
1160 3261 1321 3358 spiritus

276 3400 347 3464 psr
377 3379 631 3447 medullarem
650 3381 761 3450 nervi
781 3360 1045 3449 substantiam
1069 3379 1111 3445 in
1127 3379 1322 3444 musculos

279 3473 463 3560 influunt,

498 3583 507 3623 s
863 3557 870 3602 l

360 3649 520 3724 Somnus
547 3647 744 3720 oboritur,
773 3644 842 3710 ubi
868 3643 1008 3711 vitales
1038 3642 1199 3727 spiritus
1236 3648 1323 3710 tam
1363 3715 1366 3722 ,

275 3770 393 3836 parca
423 3755 672 3814 secernuntur
705 3747 944 3833 quantitate,
972 3753 1018 3812 ut
1046 3747 1132 3831 pori
1164 3753 1203 3811 et
1226 3765 1322 3811 cava

276 3853 480 3936 encephali
499 3850 602 3930 haud
625 3849 719 3914 satis
742 3850 997 3915 extendantur
1020 3856 1058 3914 at
1080 3838 1223 3914 collabi
1254 3847 1320 3912 de·

277 3957 407 4022 beant.
431 3987 471 4006 -·
495 3955 651 4018 Ceteras
688 3954 859 4037 corporis
888 3952 1105 4020 functiones
1137 3949 1321 4016 accidunt

273 4063 341 4142 per
360 4057 701 4130 lamentationes,
724 4057 793 4122 sub
812 4055 954 4144 ‚quibus
980 4055 1111 4122 activa
1132 4054 1318 4120 evolvun-

272 4170 335 4228 tur
355 4181 467 4248 gasa,
490 4167 618 4225 motus
638 4161 853 4227 vorticosos
884 4161 1165 4245 particularum
1198 4157 1318 4222 mini·

271 4285 425 4348 mamm
446 4263 679 4330 oscitantiae
703 4265 849 4330 accidit
875 4261 1129 4329 fermentatio
1159 4260 1318 4346 sangui·
