2950 5002
257 403 265 426 .·
305 373 347 440 80
515 403 566 432 .,
718 351 939 426 lusnss‘suss

295 512 448 594 partem
471 505 671 592 placentae
690 495 1121 584 loetalem3ansr'crus
1142 491 1348 578 velo-ans.

300 609 489 675 stomosin
512 609 612 673 inter
643 627 736 670 vasa
757 629 801 670 ea
823 606 985 672 existere
1020 605 1194 674 ciedidit.
1237 611 1346 678 Flocs

300 729 428 775 cosam
449 708 716 774 membranam
740 706 950 797 (Hunteri)
971 708 1091 802 ferme
1110 707 1188 791 jam
1210 714 1348 802 attigit

223 807 226 822 '
296 818 515 892 Facturus
538 819 804 890 membranam
833 816 1110 893 allantoidem,
1133 835 1229 904 quae
1263 823 1346 910 uria

296 947 390 993 nam
422 929 647 1014 embryonis
688 927 874 1008 recipiat,
908 926 951 990 in
988 929 1161 994 humano
1197 945 1348 1017 quoque

298 1052 371 1096 ovo
384 1071 395 1108 ,
418 1038 506 1116 post
543 1037 695 1100 veteres
718 1032 902 1108 Graecos,
925 1031 1089 1114 plurimi
1116 1032 1230 1122 hujus
1259 1037 1348 1102 aevi

178 1159 182 1168 ·
256 1127 261 1138 ’
297 1133 550 1220 defenderunt
587 1135 830 1199 anatomicis
867 1133 1037 1200 ostendit
1071 1153 1161 1214 vero
1197 1139 1347 1202 Eusw

296 1253 509 1315 curus,nec
529 1237 784 1304 allantoidem
808 1237 1042 1302 inhumano
1063 1240 1225 1306 existere
1249 1257 1322 1306 ovo
1334 1271 1347 1318 ι

295 1361 365 1410 uec
384 1343 571 1406 urachum
591 1342 772 1424 pervium
794 1361 894 1423 esse;
918 1344 1064 1408 erravit
1093 1351 1227 1410 contra
1246 1345 1346 1411 Fara

204 1505 207 1514 ,
293 1461 450 1522 morus,
481 1447 547 1532 qui
581 1445 717 1510 urachi
752 1446 893 1509 statuit
931 1448 1097 1522 ostium,
1130 1468 1203 1534 quo
1231 1449 1348 1520 urina

252 1601 254 1608 Α
292 1531 395 1614 inter
417 1547 570 1614 tunicas
600 1537 751 1612 amnios
773 1553 811 1609 et
833 1545 992 1626 chorion
1026 1547 1268 1629 effundatur,
1291 1555 1347 1620 si

294 1638 451 1739 quidem
476 1650 647 1733 spatium
669 1647 770 1713 inter
801 1652 1047 1717 membranas
1079 1675 1141 1720 eas
1173 1662 1260 1738 post
1285 1679 1346 1722 se·

294 1749 463 1821 cundum
482 1750 733 1840 graviditatis
762 1770 931 1816 mensem
951 1756 1106 1836 penitus
1136 1759 1345 1845 dispareat

381 1930 445 2039 14)
473 1935 684 2016 Anatomia
723 1935 868 2018 cerebri
900 1939 938 2016 et
967 1957 1177 2022 nervorum
1214 1949 1341 2030 seculo

220 2081 224 2094 ·
292 2053 370 2154 isto
392 2058 560 2123 multum
583 2058 737 2146 quidem
759 2065 871 2124 aucta
887 2061 988 2137 fuit,
1010 2061 1262 2148 physiologia
1283 2073 1346 2133 ta·

262 2223 266 2228 .
292 2181 382 2228 men
402 2182 480 2225 non
503 2163 628 2256 multo
650 2183 672 2226 a
694 2162 725 2226 G
739 2159 881 2228 alani
905 2163 1061 2240 recessit
1088 2163 1268 2234 doctrina
1291 2161 1374 2256 (ςιΝ

290 2286 345 2351 «27.
367 2289 405 2332 n.
443 2269 527 2354 ro),
573 2261 824 2334 crediderunt
860 2269 965 2334 enim
996 2267 1182 2352 plurimi,
1204 2272 1346 2340 vital‘es‘

289 2375 450 2458 spiritus
482 2375 524 2440 in
555 2375 711 2440 cerebro
744 2373 911 2450 secerni,
934 2389 1076 2460 perque
1109 2373 1270 2440 arterias
1303 2377 1347 2446 in

289 2479 514 2544 universum
537 2475 680 2542 deferri
702 2493 850 2562 corpus,
895 2477 1109 2561 Descripsit
1131 2477 1344 2546 Benluostt

291 2590 458 2670 quatuor
482 2581 626 2646 cerebri
646 2581 895 2656 ventriculos,
907 2580 1063 2664 plexum
1084 2580 1345 2658 choroideum,
1460 2625 1461 2630 κ

293 2685 568 2770 canalem,qui
589 2682 850 2748 ventriculum
869 2689 1052 2768 quartum
1074 2703 1159 2750 cum
1181 2683 1342 2772 reliquis

290 2789 514 2874 coniungit,
537 2793 575 2852 et
595 2786 828 2850 eminentias
852 2785 1109 2850 candicantes.
1153 2787 1342 2856 vesanus

290 2899 379 2980 post
398 2897 570 2960 Massam
601 2888 693 2957 duas
717 2881 902 2956 distinxit
926 2889 1042 2956 durae
1071 2890 1263 2976 meningis
1284 2893 1344 2958 lea

290 2995 451 3074 mellas‚;
472 2992 586 3059 novit
607 2981 817 3082 discrimen
839 2992 941 3058 inter
964 2993 1186 3058 corticalem
1203 3001 1241 3061 et
1261 3015 1343 3060 russ-¹

293 3101 486 3166 dullarem
512 3095 794 3172 substantiam,
818 3102 855 3160 et
878 3096 1010 3161 docuit
1033 3085 1176 3164 cerebri
1195 3097 1343 3163 ventri-⁵

291 3203 395 3269 culos
422 3197 671 3267 adservandis
693 3199 897 3283 spiritibus
920 3201 1108 3266 vitalibus
1131 3200 1343 3282 inservires
1378 3277 1384 3298 ,

236 3354 240 3362 ,
292 3303 448 3369 invenit
479 3300 582 3366 idem
612 3307 764 3400 septum
792 3300 1029 3384 pellucidum
1058 3307 1096 3369 et
1127 3304 1341 3384 fornicem,

293 3413 332 3472 et
355 3403 532 3489 exposuit
555 3403 687 3486 plexus
712 3402 933 3468 choroideos
965 3403 1007 3468 in
1033 3406 1341 3478 ventriculorum

203 3549 207 3556 ·
288 3511 424 3578 fundo·
460 3508 623 3575 Detexit
643 3511 793 3573 Aesszr
817 3508 926 3592 pedes
948 3508 1200 3596 hippocampi
1218 3518 1256 3578 et
1278 3515 1343 3582 dea

291 3615 451 3699 scripsit
484 3610 743 3687 ventriculum
777 3618 957 3698 quartum
989 3613 1058 3678 sub
1089 3617 1248 3682 nomine
1284 3618 1341 3684 cia

290 3727 444 3786 eternae
474 3717 651 3782 cerebelli
686 3722 876 3802 tanquam
916 3716 1180 3782 inventionem
1219 3741 1342 3788 suamc
1396 3757 1402 3772 ι

290 3830 441 3894 Vanum
466 3823 734 3918 commissuras
756 3823 986 3902 anteriorem
1010 3827 1047 3886 et
1066 3823 1342 3908 posteriorem,

293 3955 407 4002 crura
428 3909 619 3997 medullae
651 3929 880 4014 obtlongatae
902 3937 940 3997 et
967 3937 1148 4014 pontem,
1171 3951 1239 3996 suo
1269 3951 1341 4000 nos

289 4039 396 4108 mine
429 4034 681 4108 distinctum,
706 4033 920 4117 descripsit.
964 4035 1172 4102 Medullum
1206 4037 1339 4118 spina-s

292 4149 368 4214 lem
397 4147 629 4214 soricum,
651 4127 859 4206 Bussuos‘a
879 4181 890 4215 ,
909 4141 1086 4206 Erimus
1114 4147 1150 4206 et
1178 4141 1340 4207 Prosoc-

295 4261 471 4320 nuonssus
516 4244 684 4330 curatius
730 4245 1072 4336 pervestigarunt,
1111 4253 1149 4314 et
1184 4247 1342 4318 videtur

1229 4353 1341 4442 Oasp·

863 4791 979 4908 Ὢ
