2920 4998
254 387 297 462 38
549 343 554 360 ⁸
677 349 885 438 lucanses.

254 524 323 585 aut
341 513 564 602 probabilia
584 513 721 578 saltem
742 515 994 580 inveniuntur
1005 501 1023 590 ,‘
1040 517 1293 607 systematico

255 623 465 706 jungantur
503 617 635 680 ordine
658 617 893 706 ,ipsumque
917 617 1102 692 scientiae
1129 622 1299 688 construi

252 726 376 812 possit
396 729 577 808 organon.

332 884 578 953 Desideratur
612 884 765 969 quidem
806 885 848 947 in
877 883 1034 949 medicis
1073 873 1290 967 disciplinis

241 989 520 1054 certitudo
543 989 935 1064 mathematica,
955 989 1064 1075 cujus
1093 988 1289 1053 evidentia

250 1095 406 1157 calculis
429 1115 472 1158 ac
489 1093 624 1177 figuris
644 1093 808 1158 describi
829 1099 866 1158 et
898 1096 1020 1159 menti
1050 1093 1288 1176 praesentari

197 1207 199 1214 ’
249 1199 308 1263 ita
329 1205 475 1282 potest,
498 1194 541 1262 ut
573 1198 831 1272 contrarium‘,
855 1197 1063 1263 absurdum
1100 1200 1194 1285 quin
1226 1199 1288 1261 in-

249 1322 444 1392 curramps
465 1343 477 1378 ‚
499 1301 647 1374 credere
687 1300 791 1366 haud
822 1302 1024 1385 possimus.
1066 1303 1116 1364 Eo
1154 1307 1285 1378 tamen

247 1425 324 1470 non
355 1407 531 1470 obstante
559 1406 839 1469 mathematum
871 1393 998 1472 studio
1033 1404 1286 1492 physiologus¹

247 1529 371 1573 carere
390 1529 466 1574 non
488 1515 631 1591 potest:
655 1509 759 1573 acuit
780 1507 884 1571 enim
909 1510 1093 1573 mathesis
1111 1527 1209 1591 pura
1223 1510 1283 1572 fa-

217 1616 404 1682 -cultates
440 1612 749 1688 intellectuales,
772 1617 809 1676 et
850 1610 1061 1681 adsuefecit
1090 1613 1280 1680 rationem

244 1716 291 1779 ad
311 1715 521 1800 promenda
538 1716 683 1800 judicia
695 1758 705 1791 ,
729 1715 927 1780 absolutae
944 1717 1103 1799 veritati
1123 1718 1279 1792 innixa3
1334 1761 1336 1768 -

151 1835 173 1870 9
243 1820 427 1884 mathesis
456 1841 548 1884 vero
576 1819 782 1901 ‘adplicata
819 1820 1280 1910 illustrandisnplurimis
1373 1807 1382 1825 ’

243 1922 361 2014 vitae·
383 1924 575 1988 humanae
615 1923 881 1986 functionibus
916 1923 1061 2005 optime
1104 1925 1280 1988 inservit.

184 2043 187 2048 ·
241 2026 300 2089 Sic
339 2033 465 2091 motus
504 2027 734 2092 musculares
773 2048 839 2111 per
881 2028 977 2111 leges
1020 2028 1279 2102 mechanicas,

241 2129 423 2194 circuitus
450 2121 647 2216 sanguinis
670 2150 737 2214 per
767 2132 865 2214 leges
888 2115 1195 2214 h'ydrostaticas‚
1219 2136 1278 2194 at-

240 2255 310 2326 que
331 2218 436 2299 visus
456 2239 494 2300 et
513 2236 667 2300 auditus
692 2256 757 2319 per
775 2236 924 2318 opticae
950 2233 1197 2298 etacusticae
1218 2254 1276 2297 re-

236 2340 345 2423 gulas
374 2339 631 2407 illustrantur.
675 2343 723 2404 Ut
749 2346 876 2416 autem
909 2339 1060 2410 scholae
1091 2337 1278 2422 jatroma·

123 2454 131 2466 ”
234 2443 467 2512 thematicae
488 2446 654 2513 vitemus
686 2464 851 2517 errores,
874 2461 964 2526 prae
992 2441 1110 2521 oculis
1135 2441 1276 2524 habere

206 2569 209 2578 ’
235 2553 453 2610 constanter
477 2546 675 2619 debemus,
698 2547 758 2614 vel
778 2547 902 2626 ipsam
928 2546 1122 2612 mathesin
1151 2539 1276 2627 adpli·
1357 2623 1364 2632 ι

145 2727 150 2736 ἱ
234 2655 360 2716 catam
381 2650 458 2712 suis
484 2669 560 2711 non
596 2667 721 2716 carere
753 2646 966 2730 erroribus,
991 2646 1090 2730 quod
1121 2648 1274 2733 quidem

231 2751 275 2840 in
298 2769 451 2832 corpore
478 2751 587 2825 vivo,
611 2749 742 2832 utpote
771 2750 953 2814 machina
979 2733 1146 2818 maxime
1169 2773 1274 2816 com-

79 2843 89 2852 *
129 2916 133 2926 ,
228 2855 455 2938 ΡΙίοαῒα,,οῒ
476 2853 626 2920 viribus
648 2852 891 2936 spontaneis,
913 2855 1020 2920 nullo
1041 2857 1173 2941 utique
1195 2859 1272 2923 cal.

143 2982 146 2986 ·
231 2959 315 3023 culo
345 2955 518 3022 eruendis
551 2956 603 3042 (ς.
626 2955 721 3048 ra),
742 2957 938 3040 praedita,
961 2959 1133 3030 obtinere
1161 2965 1271 3026 tanto

230 3061 354 3146 magis
378 3058 499 3126 debet.

311 3219 587 3304 Physicam
620 3219 784 3309 denique
820 3222 1069 3306 disciplinam
1099 3223 1141 3287 in
1169 3224 1270 3310 phy·

227 3324 423 3409 siologicis
455 3343 603 3388 summe
636 3345 713 3391 esse
733 3331 987 3394 necessariam
1009 3329 1070 3394 vel
1092 3328 1179 3394 inde
1201 3348 1271 3412 pa-

155 3507 159 3516 ·
226 3435 302 3502 tet,
326 3428 426 3515 quod
442 3427 633 3504 humanus
654 3434 894 3517 organismus
917 3452 1003 3498 cum
1020 3433 1160 3498 mundo
1182 3435 1268 3498 uni-

226 3553 335 3598 verso
360 3535 402 3598 in
423 3532 640 3598 arctissimo
659 3537 799 3600 existat
818 3535 995 3611 vinculo,
1009 3536 1180 3621 quodque
1205 3538 1264 3600 vi·

223 3659 282 3704 res
304 3643 341 3700 et
360 3636 613 3722 proprietates
647 3628 847 3720 corporum
880 3656 1095 3702 communes
1121 3640 1161 3704 in
1191 3640 1264 3706 hu·
1329 3673 1333 3684 a

223 3741 338 3806 mano
365 3763 511 3832 quoque
543 3744 745 3828 obtineant
774 3727 1106 3830 cdrpore(§.16.).
1150 3744 1265 3807 Nemo
1356 3769 1368 3793 s

222 3849 355 3934 itaque
387 3855 555 3936 corporis
590 3852 674 3917 vivi
703 3857 885 3918 naturam
917 3849 1264 3940 interpretariypo·

222 3959 320 4031 test,
342 3956 420 4021 nisi
448 3963 610 4047 naturae
644 3943 864 4033 universae,
889 3963 1174 4041 ceterarumque
1203 3957 1263 4020 in·

221 4057 482 4126 dividualium
502 4080 630 4126 rerum
642 4061 848 4142 ,praeviam
868 4060 1051 4128 habuerit
1074 4062 1263 4146 cognitio-

219 4185 319 4260 nem.
365 4172 468 4254 Quia
488 4177 619 4236 tamen
643 4188 776 4253 corpus
798 4171 932 4236 vivum
956 4169 1117 4234 vitalem
1141 4171 1263 4253 possi-

217 4269 282 4342 det
299 4275 517 4361 energiam,
539 4296 559 4340 e
579 4272 729 4340 viribus
748 4274 921 4360 physicis
943 4273 1048 4340 haud
1068 4275 1262 4359 explican-
