2936 4998
1136 293 1149 332 t

262 407 343 476 eor
453 395 565 462 ..Lm
586 393 614 461 ἴ.
633 357 692 462 Du
712 408 814 458 vrri
838 405 1089 461 carralem.
1127 457 1132 466 ,

265 533 478 604 nativitate
516 538 566 622 ad
595 538 779 604 ultimum
816 556 934 621 usque
969 535 1142 602 halitum
1174 536 1309 614 vitm

263 640 463 738 nutritio,
492 641 712 723 absorptio,
744 641 974 706 secretiones
1005 647 1043 706 et
1073 641 1309 708 exorationes

263 751 349 808 toto
368 751 582 828 perennant
610 746 714 811 uitae
734 751 916 830 tempore.
960 747 1083 813 Aliter
1117 769 1210 812 vero
1241 749 1316 812 ha·

263 849 356 913 bent
376 848 483 912 vitae
505 847 687 944 animalis
707 869 871 933 organa,
894 870 991 937 quae
1011 853 1107 916 serie
1131 850 1319 916 continue.

266 971 423 1016 munere
444 963 521 1017 {suo
547 953 664 1038 ¹fungi
692 955 890 1031 nesciunt,
912 962 950 1021 et
978 957 1125 1021 virium
1157 977 1316 1022 suarum

264 1053 530 1138 dispendium,
552 1057 680 1144 quiete
711 1058 963 1143 interposita,
993 1079 1217 1143 recuperare
1242 1060 1310 1124 de-

263 1159 380 1228 bent:
402 1160 666 1246 defatigantur
691 1183 817 1226 sensus
838 1165 989 1230 externi
1010 1171 1049 1230 et
1074 1167 1314 1231 musculares

263 1263 364 1332 vires
383 1285 451 1350 per
469 1268 699 1334 ¹exercitium
727 1267 976 1346 diuturnum,
996 1274 1035 1334 et
1063 1270 1170 1354 ipsae
1191 1263 1314 1335 etiam

256 1373 447 1436 ,mentales
469 1373 687 1438 functiones
710 1392 797 1436 cum
829 1373 964 1438 ceteris
995 1372 1100 1437 vitae
1123 1373 1312 1438 animalis

259 1475 525 1540 functionibus
545 1475 671 1561 quiete
693 1473 871 1558 indigent
891 1481 930 1540 et
948 1495 1106 1552 somno,
1131 1493 1204 1602 quo
1227 1474 1311 1560 pri·

259 1577 403 1654 atinam
423 1571 619 1665 accipiant
642 1580 851 1665 energiam,

265 1813 271 1822 ,
341 1751 383 1839 6)
396 1752 569 1838 Denique
591 1771 746 1828 causae,
760 1750 898 1837 quibus
912 1769 1057 1836 organa
1077 1749 1183 1815 vitae
1203 1752 1305 1817 utri·

260 1876 378 1943 usque
410 1857 685 1941 concitantur„
717 1855 848 1922 indole
888 1876 958 1921 sua
987 1854 1205 1920 differunt:
1246 1851 1310 1940 sy·

223 2011 228 2026 .
260 1966 386 2034 stema
408 1963 513 2028 enim
536 1959 742 2047 organicae
770 1962 875 2026 vitae
905 1959 1180 2024 materialibus
1210 1958 1310 2024 exci·

257 2067 366 2128 tatur
403 2065 648 2149 potissimum
685 2063 879 2142 stimulie;
909 2063 964 2128 sic
991 2061 1218 2145 pulmones,
1245 2083 1309 2128 cor

261 2152 347 2228 cum
376 2167 527 2234 arteriis
562 2175 600 2232 et
631 2169 764 2244 venis,
785 2169 900 2257 tubus
932 2164 1204 2230 alimentarias
1236 2172 1309 2228 etc.

259 2273 347 2332 edre
358 2311 369 2344 ‚
391 2271 577 2355 sanguine
594 2312 605 2346 ,
623 2271 718 2355 potu
742 2277 784 2335 et
808 2269 895 2333 cibo
917 2267 965 2330 ad
987 2251 1073 2331 suas
1092 2287 1309 2351 provocan-

257 2379 322 2436 tur
343 2373 524 2440 actiones.
568 2375 826 2439 incitamenta
845 2393 935 2442 vero
968 2390 1202 2454 organorum
1222 2373 1310 2436 ani-

258 2477 372 2555 malia
394 2478 523 2555 vitae,
545 2484 728 2544 consueta
755 2473 917 2550 saltem,
942 2497 965 2539 a
996 2475 1194 2541 materiali
1217 2495 1307 2560 pas·

257 2580 334 2652 eim
358 2582 570 2646 abhorrent
589 2588 749 2645 naturae
776 2578 1050 2642 sonitus‘enim
1072 2586 1110 2643 et
1131 2579 1216 2654 lux,
1238 2599 1307 2642 au·

258 2681 383 2748 ditum
416 2691 454 2749 et
489 2686 621 2748 visum
653 2682 896 2756 adiicientes,
927 2683 1306 2765 i'mponderabilibus

256 2774 560 2850 adnumerantur
580 2782 807 2849 efficientiis
827 2777 849 2864 (
850 2792 879 2860 t.
891 2803 921 2867 9.
926 2787 958 2870 33
972 2786 1082 2850 ideae
1092 2828 1103 2863 ,
1115 2789 1305 2852 mentales

256 2891 509 2972 operationes'
522 2895 798 2972 provocantes,
822 2895 859 2952 et
879 2891 1097 2974 ¹voluntas,
1121 2910 1196 2977 qua
1217 2891 1304 2956 ani·

255 2994 375 3056 males
395 2977 594 3078 ponuntur
613 2999 765 3070 motus,
786 3013 809 3057 a
840 2994 1029 3061 materiae
1056 2998 1197 3058 natura
1229 2991 1303 3056 ali·

257 3111 330 3165 tna
349 3117 502 3180 prorsus
524 3102 627 3166 sunt,

311 3261 445 3342 ⁵Licet
478 3282 522 3326 ex
555 3260 733 3342 adductis
761 3260 845 3324 vita
868 3257 1007 3342 duplex
1030 3260 1124 3324 satis
1147 3249 1303 3343 pateat,

256 3371 293 3430 et
314 3357 566 3430 manifestum
588 3368 774 3450 appareat
799 3363 902 3427 inter
932 3363 1135 3449 utramque
1162 3361 1303 3427 discri-

254 3487 365 3545 men3
388 3474 621 3533 nontamen
643 3466 730 3532 ideo
753 3461 1022 3533 differentiam
1043 3467 1144 3530 hanc
1165 3464 1220 3530 sic
1241 3464 1303 3528 in·

254 3573 429 3657 telligere
459 3574 637 3638 volumus
652 3612 663 3648 ,
686 3569 796 3655 quasi
814 3545 977 3664 pidgula
1008 3567 1200 3633 diversam
1231 3568 1304 3632 ha·

147 3717 149 3722 -
254 3677 347 3740 beat
369 3673 650 3750 efficientiam,
674 3694 696 3738 a
718 3671 863 3758 duplici
895 3673 1023 3738 nefors
1054 3666 1302 3757 vitaliprin-

256 3779 360 3861 cipio
394 3777 654 3861 repetendam.
707 3773 784 3859 Nec,
809 3780 979 3840 statuere
1009 3775 1210 3849 volumus,
1242 3773 1305 3835 vi-

254 3887 336 3944 tam
357 3883 569 3946 animalem
589 3881 637 3944 ab
659 3877 862 3962 organica,
884 3884 921 3942 et
949 3879 1050 3952 hanc
1072 3877 1120 3940 ab
1149 3875 1221 3940 illa
1240 3875 1302 3939 in·

257 3981 536 4067 dependentem
559 4002 659 4061 esse3
678 3981 757 4045 imo
784 3979 888 4046 ultro
917 3964 955 4044 et
979 3999 1093 4064 porro
1126 3977 1303 4064 agnosci-

163 4073 166 4082 ’
254 4103 339 4149 mus
351 4124 362 4158 ,
385 4090 589 4170 utramque
606 4081 660 4147 ad
682 4101 802 4148 unum
824 4081 1061 4184 eundemque
1091 4081 1230 4156 finem,
1251 4079 1300 4170 ad

257 4183 588 4252 conservationem
621 4187 839 4262 individui,
861 4185 1101 4274 conspirare,
1131 4185 1301 4272 adeoque

255 4311 377 4368 nnam
398 4292 480 4364 sine
502 4292 680 4372 ultera,
669 4310 711 4364 m
731 4292 890 4364 homine
920 4290 1057 4358 saltem
1082 4297 1200 4368 nata,
1223 4290 1302 4359 exi·
