2950 5002
813 259 819 286 i

345 469 348 476 ,
386 408 588 473 Hrsrosrs
612 407 921 476 Parsrososrsr.
1125 427 1180 482 ιιι

138 571 225 618 reos
244 556 370 616 motus
387 541 433 616 ¹ac
454 549 689 614 causationes
709 552 872 618 suscitat
884 572 894 630 3
906 571 982 616 non
1002 539 1183 637 operatur

135 656 310 734 hictum
331 652 609 747 deliberatione
634 659 673 718 et
694 655 902 738 manifesta
927 677 1012 722 cum
1037 657 1183 722 consci-

139 759 271 834 cntia,
303 763 476 822 attamen
516 755 565 820 ad
591 776 750 844 scopum
786 758 1018 844 rationalem
1050 753 1184 826 omnia

137 862 292 948 peragit
324 879 495 924 munera·
540 861 924 932 Cum2Lc1mt1rz1us
958 862 1182 947 objecisset,

131 957 407 1051 'incorpoream
437 965 612 1028 enimam
643 985 839 1049 corporeos
869 987 947 1032 non
973 989 1183 1085 possesn-

137 1071 280 1134 scitare
314 1073 465 1144 motus,
488 1068 619 1132 Srsac
652 1069 894 1132 materialem
918 1070 1072 1140 animas
1095 1091 1184 1136 con·

137 1171 254 1236 cessit
275 1170 466 1244 indolem,
490 1170 644 1255 ejusque
662 1171 1003 1238 immortalitatem
1029 1195 1052 1236 a
1083 1172 1184 1238 divi·

134 1292 189 1338 na
208 1272 337 1358 gratia
354 1275 493 1338 saltem
515 1265 745 1359 sperandam
767 1273 878 1338 dixit
898 1306 937 1322 -
958 1275 1101 1338 Anima
1122 1298 1184 1348 ea-

136 1376 245 1452 dem,
268 1383 312 1442 ut
332 1379 384 1441 St'
405 1373 534 1459 docet,
558 1377 797 1462 generationi
818 1378 1029 1460 prospicit,
1053 1379 1185 1443 redin-
1193 1397 1195 1406 ’

134 1486 414 1565 tegratpartss
436 1479 654 1563 deperditas
691 1482 885 1563 corporis,
919 1483 1071 1567 sibique
1099 1482 1183 1566 ipsa
1284 1515 1290 1526 ·

134 1587 257 1651 struit
297 1592 335 1650 et
372 1591 572 1651 conservat
614 1571 1183 1667 corpus3ni1tritioriem,tan·

138 1704 256 1776 quam
285 1690 573 1810 generationem
610 1683 1060 1764 continuatameadem
1094 1711 1182 1774 per·

137 1793 222 1878 agit
242 1793 396 1868 anima,
419 1813 515 1880 quae
538 1794 622 1858 sins
642 1795 920 1858 informatione
944 1793 1101 1876 optime
1111 1813 1179 1856 no·

135 1897 218 1971 vit,
246 1917 416 1990 quaene
434 1897 631 1982 principia
670 1897 821 1980 corpori
856 1903 894 1963 et
933 1897 1070 1982 cuique
1103 1890 1185 1980 ejus'

135 1999 244 2084 parti
263 2000 506 2065 conveniant.

151 2155 448 2227 sacrationes
470 2091 629 2245 exponit
648 2163 845 2227 Srsncms
868 2181 935 2246 per
947 2165 1073 2226 solum
1093 2182 1184 2246 par-

135 2264 347 2336 ticular‘um
378 2265 589 2334 fluidarum
622 2285 646 2328 a
679 2262 930 2330 crassioribus
972 2285 1186 2339 recessum,

136 2385 252 2453 quem
275 2347 417 2432 *anima
440 2367 609 2448 custodit
630 2371 667 2430 et
689 2367 890 2450 gubernat.
934 2367 1054 2430 Docet
1073 2363 1185 2447 prae-

134 2475 262 2544 terea,
285 2469 447 2538 arterias
474 2468 515 2532 in
539 2487 656 2534 venas
681 2465 908 2532 immediate
924 2467 1036 2530 ‚haud
1057 2473 1184 2533 trans·

134 2570 216 2650 irs,
238 2592 372 2638 verum
402 2591 561 2655 perosos
591 2592 670 2638 esse
695 2587 876 2634 vasorum
906 2570 1096 2651 parietes,
1117 2579 1190 2652 per*

135 2671 585 2760 questranssudati'ones
606 2671 793 2738 accidant
828 2671 981 2754 Organa
1003 2683 1188 2739 sensuum

133 2779 205 2844 sub
228 2778 513 2846 sensatioribus
533 2777 659 2842 active
682 2795 720 2840 se
739 2774 1033 2858 habent,·,quod
1052 2775 1183 2862 ipsum
1230 2862 1235 2870 .

134 2879 271 2946 anima
293 2877 429 2953 efficit.
471 2882 558 2948 Non
576 2881 828 2965 refrigeratur
849 2881 1005 2963 sanguis
1028 2881 1070 2944 in
1093 2882 1186 2964 p'ulp'

134 2984 317 3066 monibus
328 3027 339 3061 ,
361 3005 496 3051 verum
516 2985 644 3068 potius
664 2984 869 3060 manifeste
889 2983 1029 3048 calefit
1057 2985 1099 3048 in
1119 2985 1187 3050 iis.-

134 3085 279 3152 Existit
308 3087 466 3172 quidem
507 3093 674 3152 motus
696 3085 924 3159 ionicus,
954 3105 1035 3170 quo·
1052 3087 1182 3166 partes
1259 3089 1262 3098 ’

134 3189 274 3253 molles
294 3189 506 3256 tenduntur
526 3195 565 3256 et
587 3189 833 3287 relaxantur,
857 3203 931 3275 quo
961 3189 1118 3272 sanguis
1145 3196 1186 3259 et
1230 3263 1232 3280 Ι

106 3361 111 3382 ,Δ
137 3297 255 3369 ceteri
275 3297 454 3362 humores
474 3300 772 3378 promoventur,
796 3316 870 3382 quo
892 3301 1121 3388 sacrationes
1144 3300 1190 3361 et·

137 3399 374 3464 exorationes
393 3404 648 3484 peraguntur,
672 3419 793 3484 quove
810 3401 1013 3466 morbosae
1033 3417 1187 3482 ponun-

135 3511 203 3568 tur
224 3504 483 3584 adfectionem
505 3511 554 3570 et'
573 3502 687 3587 hujus
707 3509 836 3568 motus
866 3523 980 3569 causa
1006 3501 1183 3570 efficiens

135 3607 224 3688 ipsa
246 3628 395 3695 quoque
417 3612 475 3672 est
496 3607 639 3672 anima.
661 3607 881 3690 -Sanguis
902 3625 979 3672 non
1003 3613 1183 3672 movetur

138 3709 189 3774 ad
208 3712 306 3796 leges
322 3711 528 3796 physicas,
550 3709 616 3774 sed
637 3710 686 3776 ad
712 3711 861 3794 regulas
892 3710 1065 3794 organici
1100 3729 1183 3778 cor-1
1281 3777 1284 3784 ,

136 3813 268 3897 poris,
291 3819 328 3878 et
335 3808 542 3879 reducitur
558 3835 628 3915 per
650 3833 767 3876 venas
796 3815 879 3880 solo
901 3817 1009 3877 motu
1035 3813 1181 3886 tonino,

137 3914 215 3980 Ubi
236 3918 385 3982 tonicus
405 3915 531 3982 motu's
547 3918 770 3992 relaxatur,
793 3935 948 3980 somnus
970 3900 1107 3977 oritur.¹
1164 3930 1166 3933 ’

228 4078 302 4164 Qui
323 4077 440 4145 initio
463 4082 563 4146 hanc
585 4049 833 4146 sectabantur
856 4077 1094 4154 doctrinam,
1115 4099 1184 4144 au

143 4184 261 4251 cteris
282 4185 529 4274 potissimum
560 4192 670 4250 erant
701 4184 904 4269 discipuli,
926 4203 995 4247 nec
1015 4183 1188 4271 multum,

143 4289 193 4354 ab
238 4289 339 4376 ejus
356 4295 590 4358 recesserunt
626 4286 843 4375 principiis.
895 4289 1014 4354 Erant
1053 4291 1182 4354 sutem
